3054 5110
232 1217 416 1306 Duodecimo
435 1243 535 1304 Martii
555 1242 683 1304 exhibita
702 1245 746 1304 e'st
767 1243 866 1304 citatio
882 1241 978 1304 Caroli
1005 1244 1103 1318 Quinti
1122 1245 1245 1310 cesam
1263 1249 1323 1312 Au·

145 1351 235 1428 gusti,
253 1365 314 1424 ,qua
328 1349 420 1409 dictus
436 1347 536 1409 Comes
546 1348 701 1410 Wolradus
716 1348 753 1409 ob
766 1347 972 1410 malevolorum
985 1350 1123 1412 invidiam
1138 1355 1242 1414 citatm
1257 1354 1321 1416 luit.

232 1455 264 1528 iij
280 1453 389 1530 Aprilis
412 1452 572 1514 Corbuchio
591 1453 714 1531 proiecti
732 1453 839 1515 ibidem
859 1455 977 1515 comites
997 1457 1162 1534 Philippum
1178 1460 1323 1534 juniorem

145 1566 174 1622 et
192 1561 336 1622 loannem
355 1555 461 1619 iratres
476 1564 507 1619 et
520 1565 652 1633 nepotem
667 1559 877 1635 prestolantes.
914 1561 1002 1620 Faxit
1024 1559 1154 1623 dinatus
1170 1569 1229 1640 opt.
1245 1581 1321 1626 max.

144 1670 177 1726 ut
190 1663 289 1726 fausta
303 1665 363 1725 siut
376 1664 488 1725 omnia!

231 1771 262 1830 ir
275 1769 385 1846 Aprilis
399 1767 550 1845 Philippus
566 1773 595 1829 et
608 1767 628 1829 J
629 1785 736 1831 oannes
751 1767 857 1831 iratres
868 1774 959 1832 nostri
974 1779 1005 1833 et
1014 1773 1129 1834 Samuel
1142 1757 1232 1851 napos
1246 1775 1321 1836 ller-

143 1891 280 1937 mannum
294 1891 313 1935 a
328 1871 578 1949 Wolmerkbnaen,
594 1875 736 1936 loannem
749 1875 950 1951 llilchliugunr
964 1891 983 1936 a
995 1875 1155 1938 Schonstad
1169 1882 1321 1957 seniorem,

143 1981 301 2041 Henricum
320 1977 440 2040 nothum
460 1995 479 2038 a
499 1977 649 2058 Waldeclr,
673 1979 876 2041 Weudeliuum
896 1978 1112 2056 carbonarium,
1136 1981 1272 2058 Philippo
1292 1991 1322 2045 et

143 2086 251 2147 Joauni
270 2084 408 2146 iratribus
428 2099 447 2145 a
467 2086 596 2160 secretis,
619 2085 817 2146 Hermannum
836 2063 964 2146 Nellium
981 2085 1151 2162 sperantem
1170 2087 1320 2166 Wolrado,

144 2197 173 2252 et
190 2192 334 2253 loannem
349 2189 433 2250 blake
449 2187 583 2265 Philippo
597 2192 704 2251 seniori
723 2191 819 2252 comiti
839 2187 1012 2252 ewaldeck
1030 2208 1049 2252 a
1064 2194 1190 2269 semotis,
1206 2195 1237 2254 iu
1251 2210 1319 2255 cou-

143 2297 238 2356 silinm
253 2293 430 2370 adhibentes,
454 2293 491 2355 de
505 2295 581 2355 mole
595 2298 775 2371 negotiorum
789 2311 823 2356 ao
838 2312 877 2357 au
898 2299 994 2358 comiti
1009 2297 1144 2373 samueli,
1169 2298 1247 2374 quod
1261 2317 1320 2362 non

141 2403 245 2464 citatus
266 2406 351 2475 esset,
375 2399 445 2460 utile
465 2397 552 2475 foret,
577 2401 725 2462 uobiscum
744 2403 904 2479 Augustam
924 2400 1075 2477 proficisci.
1110 2404 1203 2465 Nobis
1222 2410 1320 2466 autem

142 2521 199 2566 uon
213 2519 320 2582 parvas
335 2503 373 2564 ob
389 2497 490 2566 caueae
506 2506 678 2567 instantibus
693 2511 726 2568 ut
740 2506 817 2568 domi
830 2513 970 2584 maneret,
983 2513 1083 2568 tamen
1092 2511 1213 2586 pervicit
1227 2511 1321 2585 patria

141 2613 232 2688 ipsius
251 2616 428 2688 preceptum
447 2627 481 2673 ao
497 2611 637 2674 Samuelis
651 2613 795 2688 uoluntas,
819 2621 853 2676 ut
871 2615 1018 2675 nobiscum
1033 2612 1240 2690 profectionem
1254 2631 1317 2676 sus·

143 2717 261 2794 ciperet.
916 2777 922 2786 .

228 2837 247 2880 v
269 2819 378 2898 Aprilis
401 2821 568 2882 charissime
595 2821 696 2885 relicta
724 2840 815 2886 uxore
842 2825 880 2886 ad
901 2823 1002 2886 Fuldae
1025 2825 1130 2886 vadum
1157 2825 1243 2900 vulgo
1270 2825 1318 2887 die

142 2922 192 2988 zur
206 2925 288 2988 Vhar
307 2925 438 2987 Eubulus
459 2927 619 3002 contendit,
643 2929 692 2990 uhi
713 2929 855 2990 dominam
876 2945 989 3004 sumum
1008 2947 1026 2989 a
1047 2929 1250 3004 Schwarzburg
1268 2947 1315 2991 re·

144 3033 230 3108 perit,
256 3047 321 3106 quae
347 3032 481 3092 malicum
503 3034 532 3093 in
558 3033 662 3094 itinere
681 3040 811 3096 mutuum
836 3033 918 3094 dedit
939 3031 1063 3093 florenos
1086 3033 1172 3092 mille.
1211 3032 1316 3095 Catari

143 3142 238 3198 autem
253 3137 370 3198 conius
385 3139 416 3197 in
429 3137 545 3214 Heyda,
568 3140 635 3200 olim
650 3140 794 3214 virgiuum
814 3139 965 3202 recubum
984 3138 1130 3214 coenobio,
1153 3135 1316 3220 pemootau'

142 3249 216 3304 eunt.

228 3345 381 3424 vjAprilis
403 3345 533 3409 Eubulus
554 3350 648 3411 socrui
668 3349 741 3410 bene
762 3354 895 3426 precatus
915 3365 979 3410 eam
994 3343 1173 3410 Waldeciam
1192 3349 1230 3410 ad
1244 3365 1314 3411 uxo·

142 3470 201 3515 rem
215 3451 349 3514 etlilium
364 3453 450 3527 misit,
472 3453 535 3528 ipse
550 3470 613 3515 oum
628 3455 740 3516 catoris
756 3455 905 3516 comitibus
920 3453 1099 3515 hierusulem
1114 3455 1314 3530 proficiscitur.

227 3559 309 3619 Inter
331 3557 412 3619 Vhar
436 3563 465 3618 et
487 3559 620 3633 Heydam
642 3561 749 3622 loanni
771 3561 940 3635 Milchlinpo
962 3561 1069 3621 seniori
1094 3565 1124 3620 et
1147 3562 1314 3622 Hermanno

141 3664 234 3725 llellio
250 3663 385 3740 Speranti
399 3680 497 3725 rerum
512 3665 731 3726 domesticarum
751 3683 784 3726 ao
798 3667 926 3742 regionis
947 3682 1045 3726 curam
1065 3665 1268 3727 commendans
1284 3670 1315 3727 in

142 3765 242 3844 lleyda
257 3783 372 3843 quoque
387 3769 448 3832 dati
463 3774 531 3830 sunt
544 3767 681 3832 bembus
696 3787 750 3847 per
764 3771 962 3832 Hermannum
977 3769 1090 3831 centum
1106 3775 1136 3830 et
1150 3773 1314 3846 aesquiceu-

142 3878 200 3934 tum
213 3873 319 3934 thaleri
334 3874 365 3932 iu
380 3873 538 3936 subsidium
550 3864 639 3936 annui
651 3876 789 3952 redditus,
801 3877 851 3951 qui
866 3891 943 3935 nuuc
956 3875 1056 3936 mattis
1071 3875 1199 3937 ritalitiis
1215 3877 1316 3940 exilior

142 3977 269 4040 redditus
284 3981 338 4038 est.
382 4020 385 4026 .
1145 3995 1147 3999 ·

227 4082 386 4144 Marruuia
401 4099 420 4144 a
434 4085 622 4162 pandochao,
647 4088 693 4148 oui
711 4102 816 4148 nomeu
831 4085 898 4148 Otto
914 4083 1078 4162 Schoenei,
1101 4083 1207 4146 babae
1226 4102 1316 4164 uepos

142 4193 170 4249 et
186 4205 240 4265 ego
260 4187 415 4264 infantem,
439 4207 524 4265 quem
543 4192 585 4252 illi
604 4177 676 4252 uxor
696 4209 749 4252 sua
769 4207 803 4252 eo
822 4190 870 4251 die
889 4196 1073 4267 perpererat,
1096 4207 1114 4252 e
1133 4205 1216 4252 sacro
1235 4191 1315 4253 lauta
1356 4213 1358 4217 ·
1404 4255 1414 4278 ,
1495 4245 1496 4258 ,

142 4295 237 4356 levare
251 4295 347 4371 rogati
361 4311 466 4356 sumus.
499 4297 594 4359 Puero
608 4313 714 4357 nomen
728 4296 852 4356 inditum
866 4294 996 4357 Gotthill.

228 4400 267 4476 eij
289 4399 399 4476 Aprilis
417 4417 436 4462 a
454 4401 604 4463 llarxeule
625 4400 792 4478 Mainingeu
816 4400 1025 4478 contendimus,
1049 4417 1105 4477 quo
1126 4418 1190 4462 cum
1210 4415 1313 4478 perue-

145 4505 281 4568 niesemue
300 4523 319 4569 a
339 4505 461 4568 dominis
483 4505 519 4570 de
540 4505 716 4585 Heuneberg
735 4502 909 4570 hlaeieldam
927 4506 1072 4583 emersiti,
1095 4507 1173 4583 apud
1191 4521 1264 4580 quoe
1284 4511 1315 4566 et
