<?xml version="1.0" encoding="UTF-8"?>
<!DOCTYPE html PUBLIC "-//W3C//DTD XHTML 1.0 Transitional//EN"
    "http://www.w3.org/TR/xhtml1/DTD/xhtml1-transitional.dtd">
<html xmlns="http://www.w3.org/1999/xhtml" xml:lang="en" lang="en">
 <head>
  <title>
</title>
<meta http-equiv="Content-Type" content="text/html;charset=utf-8" />
  <meta name='ocr-system' content='tesseract 3.04.00' />
  <meta name='ocr-capabilities' content='ocr_page ocr_carea ocr_par ocr_line ocrx_word'/>
</head>
<body>
  <div class='ocr_page' id='page_1' title='image "./desgrafenwolrad02trosgoog_0019.png"; bbox 0 0 3054 5110; ppageno 0'>
   <div class='ocr_carea' id='block_1_1' title="bbox 193 559 1364 639">
    <p class='ocr_par' dir='ltr' id='par_1_1' title="bbox 193 559 1364 639">
     <span class='ocr_line' id='line_1_1' title="bbox 193 559 1364 639; baseline -0.004 -10"><span class='ocrx_word' id='word_1_1' title='bbox 193 569 265 630; x_wconf 85' lang='lat' dir='ltr'><strong>steri</strong></span> <span class='ocrx_word' id='word_1_2' title='bbox 284 565 481 628; x_wconf 85' lang='lat' dir='ltr'><strong>colmariensis</strong></span> <span class='ocrx_word' id='word_1_3' title='bbox 499 563 644 639; x_wconf 82' lang='lat' dir='ltr'><strong>monachi,</strong></span> <span class='ocrx_word' id='word_1_4' title='bbox 667 559 810 638; x_wconf 84' lang='lat' dir='ltr'><strong>quomodo</strong></span> <span class='ocrx_word' id='word_1_5' title='bbox 830 559 967 637; x_wconf 90' lang='lat' dir='ltr'><strong>phrenesi</strong></span> <span class='ocrx_word' id='word_1_6' title='bbox 987 566 1137 638; x_wconf 84' lang='lat' dir='ltr'><strong>correptus</strong></span> <span class='ocrx_word' id='word_1_7' title='bbox 1156 577 1209 639; x_wconf 88' lang='lat' dir='ltr'><strong>per</strong></span> <span class='ocrx_word' id='word_1_8' title='bbox 1228 562 1290 626; x_wconf 84' lang='lat' dir='ltr'><strong>dies</strong></span> <span class='ocrx_word' id='word_1_9' title='bbox 1311 561 1364 624; x_wconf 85' lang='lat' dir='ltr'><strong>uli·</strong></span> 
     </span>
    </p>
   </div>
   <div class='ocr_carea' id='block_1_2' title="bbox 80 664 1366 756">
    <p class='ocr_par' dir='ltr' id='par_1_2' title="bbox 80 664 1366 756">
     <span class='ocr_line' id='line_1_2' title="bbox 80 664 1366 756; baseline -0.004 -21"><span class='ocrx_word' id='word_1_10' title='bbox 80 680 87 694; x_wconf 91' lang='lat'><em>&#39;</em></span> <span class='ocrx_word' id='word_1_11' title='bbox 194 677 265 751; x_wconf 83' lang='lat' dir='ltr'><strong>quot</strong></span> <span class='ocrx_word' id='word_1_12' title='bbox 280 670 452 734; x_wconf 81' lang='grc' dir='ltr'>ιοιιιιιιιιι</span> <span class='ocrx_word' id='word_1_13' title='bbox 467 671 518 730; x_wconf 91' lang='lat' dir='ltr'><strong>sit:</strong></span> <span class='ocrx_word' id='word_1_14' title='bbox 541 669 701 730; x_wconf 77' lang='lat' dir='ltr'><strong>Damnatus</strong></span> <span class='ocrx_word' id='word_1_15' title='bbox 716 681 788 742; x_wconf 89' lang='lat' dir='ltr'><strong>sum,</strong></span> <span class='ocrx_word' id='word_1_16' title='bbox 810 664 924 742; x_wconf 88' lang='lat' dir='ltr'><strong>perdite</strong></span> <span class='ocrx_word' id='word_1_17' title='bbox 938 664 1033 756; x_wconf 86' lang='lat' dir='ltr'><strong>docui,</strong></span> <span class='ocrx_word' id='word_1_18' title='bbox 1054 683 1073 726; x_wconf 94' lang='lat' dir='ltr'><strong>a</strong></span> <span class='ocrx_word' id='word_1_19' title='bbox 1087 669 1200 744; x_wconf 78' lang='lat' dir='ltr'><strong>mugnis</strong></span> <span class='ocrx_word' id='word_1_20' title='bbox 1211 681 1366 744; x_wconf 71' lang='lat' dir='ltr'><strong>persuasus</strong></span> 
     </span>
    </p>
   </div>
   <div class='ocr_carea' id='block_1_3' title="bbox 115 769 1369 1588">
    <p class='ocr_par' dir='ltr' id='par_1_3' title="bbox 115 769 1367 1063">
     <span class='ocr_line' id='line_1_3' title="bbox 194 769 1367 855; baseline -0.004 -16"><span class='ocrx_word' id='word_1_21' title='bbox 194 795 266 844; x_wconf 90' lang='lat' dir='ltr'><strong>sum.</strong></span> <span class='ocrx_word' id='word_1_22' title='bbox 296 778 337 838; x_wconf 81' lang='lat' dir='ltr'><strong>Et</strong></span> <span class='ocrx_word' id='word_1_23' title='bbox 356 791 519 855; x_wconf 85' lang='lat' dir='ltr'><strong>quanquam</strong></span> <span class='ocrx_word' id='word_1_24' title='bbox 538 791 591 851; x_wconf 86' lang='lat' dir='ltr'><strong>per</strong></span> <span class='ocrx_word' id='word_1_25' title='bbox 611 773 760 850; x_wconf 76' lang='lat' dir='ltr'><strong>syndicum</strong></span> <span class='ocrx_word' id='word_1_26' title='bbox 774 771 991 832; x_wconf 83' lang='lat' dir='ltr'><strong>colmariensern</strong></span> <span class='ocrx_word' id='word_1_27' title='bbox 1002 769 1165 832; x_wconf 88' lang='lat' dir='ltr'><strong>admonitus</strong></span> <span class='ocrx_word' id='word_1_28' title='bbox 1180 773 1226 848; x_wconf 89' lang='lat' dir='ltr'><strong>sit,</strong></span> <span class='ocrx_word' id='word_1_29' title='bbox 1249 790 1280 837; x_wconf 87' lang='lat' dir='ltr'><strong>se</strong></span> <span class='ocrx_word' id='word_1_30' title='bbox 1295 773 1367 834; x_wconf 87' lang='lat' dir='ltr'><strong>nihil</strong></span> 
     </span>
     <span class='ocr_line' id='line_1_4' title="bbox 193 876 1366 963; baseline -0.004 -18"><span class='ocrx_word' id='word_1_31' title='bbox 193 899 347 963; x_wconf 86' lang='lat' dir='ltr'><strong>perperam</strong></span> <span class='ocrx_word' id='word_1_32' title='bbox 361 882 501 957; x_wconf 77' lang='lat' dir='ltr'><strong>docuisse,</strong></span> <span class='ocrx_word' id='word_1_33' title='bbox 525 886 622 940; x_wconf 88' lang='lat' dir='ltr'><strong>tamen</strong></span> <span class='ocrx_word' id='word_1_34' title='bbox 639 879 695 939; x_wconf 90' lang='lat' dir='ltr'><strong>sibi</strong></span> <span class='ocrx_word' id='word_1_35' title='bbox 714 879 789 938; x_wconf 90' lang='lat' dir='ltr'><strong>male</strong></span> <span class='ocrx_word' id='word_1_36' title='bbox 810 878 940 938; x_wconf 89' lang='lat' dir='ltr'><strong>conscius</strong></span> <span class='ocrx_word' id='word_1_37' title='bbox 955 876 1064 936; x_wconf 82' lang='lat' dir='ltr'><strong>nudum</strong></span> <span class='ocrx_word' id='word_1_38' title='bbox 1079 877 1302 940; x_wconf 86' lang='lat' dir='ltr'><strong>consolationem</strong></span> <span class='ocrx_word' id='word_1_39' title='bbox 1317 877 1366 940; x_wconf 89' lang='lat' dir='ltr'><strong>ad·</strong></span> 
     </span>
     <span class='ocr_line' id='line_1_5' title="bbox 115 978 1037 1063; baseline -0.009 -14"><span class='ocrx_word' id='word_1_40' title='bbox 115 1013 118 1018; x_wconf 93' lang='lat'>·</span> <span class='ocrx_word' id='word_1_41' title='bbox 193 980 323 1063; x_wconf 79' lang='lat' dir='ltr'><strong>mittens,</strong></span> <span class='ocrx_word' id='word_1_42' title='bbox 346 985 463 1048; x_wconf 87' lang='lat' dir='ltr'><strong>tandem</strong></span> <span class='ocrx_word' id='word_1_43' title='bbox 476 986 520 1045; x_wconf 88' lang='lat' dir='ltr'><strong>sic</strong></span> <span class='ocrx_word' id='word_1_44' title='bbox 532 983 716 1046; x_wconf 77' lang='lat' dir='ltr'><strong>vociferando</strong></span> <span class='ocrx_word' id='word_1_45' title='bbox 731 983 856 1042; x_wconf 88' lang='lat' dir='ltr'><strong>animam</strong></span> <span class='ocrx_word' id='word_1_46' title='bbox 871 978 1037 1042; x_wconf 78' lang='lat' dir='ltr'><strong>exhalauit·</strong></span> 
     </span>
    </p>

    <p class='ocr_par' dir='ltr' id='par_1_4' title="bbox 193 1087 1369 1488">
     <span class='ocr_line' id='line_1_6' title="bbox 281 1087 1367 1165; baseline -0.001 -13"><span class='ocrx_word' id='word_1_47' title='bbox 281 1090 329 1152; x_wconf 80' lang='lat' dir='ltr'><strong>Ab</strong></span> <span class='ocrx_word' id='word_1_48' title='bbox 349 1091 451 1153; x_wconf 86' lang='lat' dir='ltr'><strong>eodem</strong></span> <span class='ocrx_word' id='word_1_49' title='bbox 468 1091 537 1152; x_wconf 82' lang='lat' dir='ltr'><strong>Vite</strong></span> <span class='ocrx_word' id='word_1_50' title='bbox 556 1089 653 1164; x_wconf 89' lang='lat' dir='ltr'><strong>didici,</strong></span> <span class='ocrx_word' id='word_1_51' title='bbox 675 1088 826 1148; x_wconf 86' lang='grc' dir='ltr'>Βιιιιιιιιι</span> <span class='ocrx_word' id='word_1_52' title='bbox 844 1102 944 1148; x_wconf 87' lang='lat' dir='ltr'><strong>rursus</strong></span> <span class='ocrx_word' id='word_1_53' title='bbox 967 1087 1051 1148; x_wconf 80' lang='lat' dir='ltr'><strong>Halae</strong></span> <span class='ocrx_word' id='word_1_54' title='bbox 1070 1089 1243 1165; x_wconf 85' lang='lat' dir='ltr'><strong>concionari,</strong></span> <span class='ocrx_word' id='word_1_55' title='bbox 1267 1105 1367 1152; x_wconf 86' lang='lat' dir='ltr'><strong>verum</strong></span> 
     </span>
     <span class='ocr_line' id='line_1_7' title="bbox 194 1193 1368 1280; baseline -0.002 -22"><span class='ocrx_word' id='word_1_56' title='bbox 194 1213 258 1258; x_wconf 87' lang='lat' dir='ltr'><strong>aum</strong></span> <span class='ocrx_word' id='word_1_57' title='bbox 271 1197 309 1258; x_wconf 91' lang='lat' dir='ltr'><strong>ab</strong></span> <span class='ocrx_word' id='word_1_58' title='bbox 323 1196 525 1279; x_wconf 78' lang='lat' dir='ltr'><strong>Iberoaliquo</strong></span> <span class='ocrx_word' id='word_1_59' title='bbox 544 1193 657 1272; x_wconf 81' lang='lat' dir='ltr'><strong>publius</strong></span> <span class='ocrx_word' id='word_1_60' title='bbox 678 1194 709 1254; x_wconf 92' lang='grc' dir='ltr'><strong>ιι</strong></span> <span class='ocrx_word' id='word_1_61' title='bbox 728 1193 835 1270; x_wconf 89' lang='lat' dir='ltr'><strong>templo</strong></span> <span class='ocrx_word' id='word_1_62' title='bbox 856 1193 956 1266; x_wconf 88' lang='lat' dir='ltr'><strong>sibilis,</strong></span> <span class='ocrx_word' id='word_1_63' title='bbox 980 1193 1126 1280; x_wconf 84' lang='lat' dir='ltr'><strong>cachinnis</strong></span> <span class='ocrx_word' id='word_1_64' title='bbox 1145 1199 1175 1256; x_wconf 91' lang='lat' dir='ltr'><strong>et</strong></span> <span class='ocrx_word' id='word_1_65' title='bbox 1194 1195 1291 1256; x_wconf 84' lang='grc' dir='ltr'>ιιιιιο</span> <span class='ocrx_word' id='word_1_66' title='bbox 1306 1197 1368 1271; x_wconf 87' lang='lat' dir='ltr'><strong>qui·</strong></span> 
     </span>
     <span class='ocr_line' id='line_1_8' title="bbox 195 1295 1369 1390; baseline 0.001 -28"><span class='ocrx_word' id='word_1_67' title='bbox 195 1302 249 1362; x_wconf 90' lang='lat' dir='ltr'><strong>bus</strong></span> <span class='ocrx_word' id='word_1_68' title='bbox 269 1302 385 1363; x_wconf 81' lang='lat' dir='ltr'><strong>ronchis</strong></span> <span class='ocrx_word' id='word_1_69' title='bbox 403 1302 618 1376; x_wconf 72' lang='lat' dir='ltr'><strong>molestaretur,</strong></span> <span class='ocrx_word' id='word_1_70' title='bbox 640 1299 787 1376; x_wconf 90' lang='lat' dir='ltr'><strong>paululum</strong></span> <span class='ocrx_word' id='word_1_71' title='bbox 808 1315 860 1358; x_wconf 90' lang='lat' dir='ltr'><strong>suo</strong></span> <span class='ocrx_word' id='word_1_72' title='bbox 881 1295 976 1362; x_wconf 82' lang='lat' dir='ltr'><strong>officio</strong></span> <span class='ocrx_word' id='word_1_73' title='bbox 991 1299 1162 1374; x_wconf 80' lang='lat' dir='ltr'><strong>supersedit.</strong></span> <span class='ocrx_word' id='word_1_74' title='bbox 1197 1300 1292 1376; x_wconf 84' lang='lat' dir='ltr'><strong>Nunc,</strong></span> <span class='ocrx_word' id='word_1_75' title='bbox 1315 1301 1369 1390; x_wconf 82' lang='lat' dir='ltr'><strong>sed</strong></span> 
     </span>
     <span class='ocr_line' id='line_1_9' title="bbox 193 1403 1270 1488; baseline -0.004 -20"><span class='ocrx_word' id='word_1_76' title='bbox 193 1408 268 1486; x_wconf 93' lang='lat' dir='ltr'><strong>prob</strong></span> <span class='ocrx_word' id='word_1_77' title='bbox 283 1407 366 1470; x_wconf 90' lang='lat' dir='ltr'><strong>dolor</strong></span> <span class='ocrx_word' id='word_1_78' title='bbox 379 1413 413 1467; x_wconf 91' lang='lat' dir='ltr'><strong>ut</strong></span> <span class='ocrx_word' id='word_1_79' title='bbox 426 1423 473 1467; x_wconf 90' lang='lat' dir='ltr'><strong>res</strong></span> <span class='ocrx_word' id='word_1_80' title='bbox 487 1406 552 1482; x_wconf 87' lang='lat' dir='ltr'><strong>ipsa</strong></span> <span class='ocrx_word' id='word_1_81' title='bbox 566 1404 679 1488; x_wconf 76' lang='lat' dir='ltr'><strong>docuit,</strong></span> <span class='ocrx_word' id='word_1_82' title='bbox 696 1405 785 1465; x_wconf 85' lang='lat' dir='ltr'><strong>breue</strong></span> <span class='ocrx_word' id='word_1_83' title='bbox 798 1409 912 1480; x_wconf 88' lang='lat' dir='ltr'><strong>tempus</strong></span> <span class='ocrx_word' id='word_1_84' title='bbox 927 1420 979 1466; x_wconf 92' lang='lat' dir='ltr'><strong>suo</strong></span> <span class='ocrx_word' id='word_1_85' title='bbox 993 1403 1129 1480; x_wconf 77' lang='lat' dir='ltr'><strong>iungetur</strong></span> <span class='ocrx_word' id='word_1_86' title='bbox 1143 1419 1270 1466; x_wconf 80' lang='grc' dir='ltr'>ιιιιιιιιι.</span> 
     </span>
    </p>

    <p class='ocr_par' dir='ltr' id='par_1_5' title="bbox 283 1487 1368 1588">
     <span class='ocr_line' id='line_1_10' title="bbox 283 1487 1368 1588; baseline -0.002 -14"><span class='ocrx_word' id='word_1_87' title='bbox 283 1512 455 1588; x_wconf 85' lang='lat' dir='ltr'><strong>Accepimus</strong></span> <span class='ocrx_word' id='word_1_88' title='bbox 470 1526 584 1586; x_wconf 87' lang='lat' dir='ltr'><strong>quoque</strong></span> <span class='ocrx_word' id='word_1_89' title='bbox 597 1487 688 1570; x_wconf 74' lang='lat' dir='ltr'><strong>ilium</strong></span> <span class='ocrx_word' id='word_1_90' title='bbox 702 1507 821 1584; x_wconf 77' lang='lat' dir='ltr'><strong>Georgii</strong></span> <span class='ocrx_word' id='word_1_91' title='bbox 834 1509 967 1584; x_wconf 78' lang='lat' dir='ltr'><strong>Maioris,</strong></span> <span class='ocrx_word' id='word_1_92' title='bbox 989 1509 1039 1583; x_wconf 88' lang='lat' dir='ltr'><strong>qui</strong></span> <span class='ocrx_word' id='word_1_93' title='bbox 1056 1507 1151 1569; x_wconf 89' lang='lat' dir='ltr'><strong>rabidi</strong></span> <span class='ocrx_word' id='word_1_94' title='bbox 1171 1510 1251 1570; x_wconf 89' lang='lat' dir='ltr'><strong>canis</strong></span> <span class='ocrx_word' id='word_1_95' title='bbox 1271 1525 1368 1572; x_wconf 91' lang='lat' dir='ltr'><strong>morsu</strong></span> 
     </span>
    </p>
   </div>
   <div class='ocr_carea' id='block_1_4' title="bbox 195 1613 1492 1702">
    <p class='ocr_par' dir='ltr' id='par_1_6' title="bbox 195 1613 1492 1702">
     <span class='ocr_line' id='line_1_11' title="bbox 195 1613 1492 1702; baseline -0.003 -21"><span class='ocrx_word' id='word_1_96' title='bbox 195 1619 332 1702; x_wconf 72' lang='lat' dir='ltr'><strong>perierat,</strong></span> <span class='ocrx_word' id='word_1_97' title='bbox 355 1631 415 1680; x_wconf 84' lang='lat' dir='ltr'><strong>nou</strong></span> <span class='ocrx_word' id='word_1_98' title='bbox 429 1615 517 1676; x_wconf 86' lang='lat' dir='ltr'><strong>fuisse</strong></span> <span class='ocrx_word' id='word_1_99' title='bbox 532 1632 606 1691; x_wconf 91' lang='lat' dir='ltr'><strong>enm,</strong></span> <span class='ocrx_word' id='word_1_100' title='bbox 629 1631 714 1691; x_wconf 83' lang='lat' dir='ltr'><strong>quem</strong></span> <span class='ocrx_word' id='word_1_101' title='bbox 728 1613 896 1691; x_wconf 79' lang='lat' dir='ltr'><strong>Ratisbonae</strong></span> <span class='ocrx_word' id='word_1_102' title='bbox 909 1613 1041 1674; x_wconf 87' lang='lat' dir='ltr'><strong>uidimus.</strong></span> <span class='ocrx_word' id='word_1_103' title='bbox 1073 1614 1211 1690; x_wconf 87' lang='lat' dir='ltr'><strong>Tandem,</strong></span> <span class='ocrx_word' id='word_1_104' title='bbox 1235 1631 1276 1682; x_wconf 84' lang='lat' dir='ltr'><strong>na</strong></span> <span class='ocrx_word' id='word_1_105' title='bbox 1292 1616 1369 1678; x_wconf 90' lang='lat' dir='ltr'><strong>bono</strong></span> <span class='ocrx_word' id='word_1_106' title='bbox 1491 1631 1492 1634; x_wconf 71' lang='grc'>’</span> 
     </span>
    </p>
   </div>
   <div class='ocr_carea' id='block_1_5' title="bbox 124 1719 1431 3800">
    <p class='ocr_par' dir='ltr' id='par_1_7' title="bbox 192 1719 1369 2220">
     <span class='ocr_line' id='line_1_12' title="bbox 192 1719 1369 1796; baseline -0.008 -7"><span class='ocrx_word' id='word_1_107' title='bbox 192 1725 259 1789; x_wconf 76' lang='lat' dir='ltr'><strong>uiro</strong></span> <span class='ocrx_word' id='word_1_108' title='bbox 274 1724 358 1782; x_wconf 88' lang='lat' dir='ltr'><strong>nimis</strong></span> <span class='ocrx_word' id='word_1_109' title='bbox 372 1722 485 1784; x_wconf 87' lang='lat' dir='ltr'><strong>molesti</strong></span> <span class='ocrx_word' id='word_1_110' title='bbox 499 1737 633 1796; x_wconf 87' lang='lat' dir='ltr'><strong>essemus,</strong></span> <span class='ocrx_word' id='word_1_111' title='bbox 656 1719 700 1780; x_wconf 93' lang='lat' dir='ltr'><strong>illi</strong></span> <span class='ocrx_word' id='word_1_112' title='bbox 714 1719 910 1794; x_wconf 85' lang='lat' dir='ltr'><strong>valediximus,</strong></span> <span class='ocrx_word' id='word_1_113' title='bbox 927 1719 1003 1780; x_wconf 91' lang='lat' dir='ltr'><strong>bona</strong></span> <span class='ocrx_word' id='word_1_114' title='bbox 1017 1721 1137 1794; x_wconf 85' lang='lat' dir='ltr'><strong>insuper-</strong></span> <span class='ocrx_word' id='word_1_115' title='bbox 1149 1719 1233 1781; x_wconf 91' lang='lat' dir='ltr'><strong>nobis</strong></span> <span class='ocrx_word' id='word_1_116' title='bbox 1246 1721 1369 1782; x_wconf 85' lang='lat' dir='ltr'><strong>inuicem</strong></span> 
     </span>
     <span class='ocr_line' id='line_1_13' title="bbox 195 1823 1367 1904; baseline 0 -16"><span class='ocrx_word' id='word_1_117' title='bbox 195 1832 357 1904; x_wconf 87' lang='lat' dir='ltr'><strong>precantes.</strong></span> <span class='ocrx_word' id='word_1_118' title='bbox 388 1827 515 1890; x_wconf 77' lang='lat' dir='ltr'><strong>Donavit</strong></span> <span class='ocrx_word' id='word_1_119' title='bbox 533 1841 601 1888; x_wconf 84' lang='lat' dir='ltr'><strong>raro</strong></span> <span class='ocrx_word' id='word_1_120' title='bbox 621 1843 675 1888; x_wconf 91' lang='lat' dir='ltr'><strong>nos</strong></span> <span class='ocrx_word' id='word_1_121' title='bbox 696 1825 827 1894; x_wconf 86' lang='lat' dir='ltr'><strong>dominus</strong></span> <span class='ocrx_word' id='word_1_122' title='bbox 847 1823 1018 1886; x_wconf 85' lang='lat' dir='ltr'><strong>Theodorus</strong></span> <span class='ocrx_word' id='word_1_123' title='bbox 1037 1827 1175 1901; x_wconf 89' lang='lat' dir='ltr'><strong>psalterio</strong></span> <span class='ocrx_word' id='word_1_124' title='bbox 1195 1828 1367 1903; x_wconf 77' lang='lat' dir='ltr'><strong>germanico,</strong></span> 
     </span>
     <span class='ocr_line' id='line_1_14' title="bbox 196 1931 1369 2010; baseline 0 -16"><span class='ocrx_word' id='word_1_125' title='bbox 196 1933 296 2010; x_wconf 80' lang='lat' dir='ltr'><strong>qnod·</strong></span> <span class='ocrx_word' id='word_1_126' title='bbox 287 1949 350 2010; x_wconf 82' lang='lat' dir='ltr'><strong>ipse</strong></span> <span class='ocrx_word' id='word_1_127' title='bbox 364 1947 426 1994; x_wconf 89' lang='lat' dir='ltr'><strong>eum</strong></span> <span class='ocrx_word' id='word_1_128' title='bbox 443 1935 502 1994; x_wconf 89' lang='lat' dir='ltr'><strong>suis</strong></span> <span class='ocrx_word' id='word_1_129' title='bbox 516 1933 678 1994; x_wconf 87' lang='lat' dir='ltr'><strong>summariis</strong></span> <span class='ocrx_word' id='word_1_130' title='bbox 692 1931 794 1993; x_wconf 87' lang='lat' dir='ltr'><strong>excudi</strong></span> <span class='ocrx_word' id='word_1_131' title='bbox 808 1935 969 2007; x_wconf 82' lang='lat' dir='ltr'><strong>curaverat,</strong></span> <span class='ocrx_word' id='word_1_132' title='bbox 985 1947 1019 1992; x_wconf 89' lang='lat' dir='ltr'><strong>ac</strong></span> <span class='ocrx_word' id='word_1_133' title='bbox 1032 1946 1137 1994; x_wconf 87' lang='lat' dir='ltr'><strong>nomen</strong></span> <span class='ocrx_word' id='word_1_134' title='bbox 1150 1933 1269 2008; x_wconf 88' lang='lat' dir='ltr'><strong>propria</strong></span> <span class='ocrx_word' id='word_1_135' title='bbox 1282 1949 1369 1994; x_wconf 88' lang='lat' dir='ltr'><strong>manu</strong></span> 
     </span>
     <span class='ocr_line' id='line_1_15' title="bbox 196 2039 986 2116; baseline 0 -16"><span class='ocrx_word' id='word_1_136' title='bbox 196 2039 339 2116; x_wconf 79' lang='lat' dir='ltr'><strong>ascripsit.</strong></span> <span class='ocrx_word' id='word_1_137' title='bbox 984 2071 986 2080; x_wconf 45' lang='lat' dir='ltr'>v</span> 
     </span>
     <span class='ocr_line' id='line_1_16' title="bbox 286 2090 1368 2220; baseline 0 -16"><span class='ocrx_word' id='word_1_138' title='bbox 286 2143 357 2212; x_wconf 83' lang='lat' dir='ltr'><strong>Sub</strong></span> <span class='ocrx_word' id='word_1_139' title='bbox 360 2108 477 2204; x_wconf 81' lang='lat' dir='ltr'><strong>cranam</strong></span> <span class='ocrx_word' id='word_1_140' title='bbox 495 2143 586 2204; x_wconf 81' lang='lat' dir='ltr'><strong>vitus</strong></span> <span class='ocrx_word' id='word_1_141' title='bbox 597 2157 650 2220; x_wconf 84' lang='lat' dir='ltr'><strong>per</strong></span> <span class='ocrx_word' id='word_1_142' title='bbox 664 2140 782 2204; x_wconf 86' lang='lat' dir='ltr'><strong>filiolam</strong></span> <span class='ocrx_word' id='word_1_143' title='bbox 796 2157 877 2202; x_wconf 87' lang='lat' dir='ltr'><strong>suam</strong></span> <span class='ocrx_word' id='word_1_144' title='bbox 891 2090 1107 2216; x_wconf 79' lang='lat' dir='ltr'><strong>Margaretbam</strong></span> <span class='ocrx_word' id='word_1_145' title='bbox 1121 2097 1259 2205; x_wconf 79' lang='lat' dir='ltr'><strong>iratribus</strong></span> <span class='ocrx_word' id='word_1_146' title='bbox 1273 2147 1304 2204; x_wconf 94' lang='lat' dir='ltr'><strong>et</strong></span> <span class='ocrx_word' id='word_1_147' title='bbox 1317 2159 1368 2204; x_wconf 90' lang='lat' dir='ltr'><strong>ue·</strong></span> 
     </span>
    </p>

    <p class='ocr_par' dir='ltr' id='par_1_8' title="bbox 124 2246 1431 2625">
     <span class='ocr_line' id='line_1_17' title="bbox 197 2246 1379 2341; baseline 0.005 -33"><span class='ocrx_word' id='word_1_148' title='bbox 197 2249 260 2326; x_wconf 89' lang='lat' dir='ltr'><strong>poti</strong></span> <span class='ocrx_word' id='word_1_149' title='bbox 274 2263 309 2308; x_wconf 90' lang='lat' dir='ltr'><strong>ao</strong></span> <span class='ocrx_word' id='word_1_150' title='bbox 322 2248 407 2309; x_wconf 88' lang='lat' dir='ltr'><strong>uxori</strong></span> <span class='ocrx_word' id='word_1_151' title='bbox 427 2252 534 2309; x_wconf 78' lang='lat' dir='ltr'><strong>nostra</strong></span> <span class='ocrx_word' id='word_1_152' title='bbox 554 2247 674 2324; x_wconf 77' lang='lat' dir='ltr'><strong>singulis</strong></span> <span class='ocrx_word' id='word_1_153' title='bbox 691 2246 861 2341; x_wconf 75' lang='lat' dir='ltr'><strong>psalterium</strong></span> <span class='ocrx_word' id='word_1_154' title='bbox 881 2263 945 2308; x_wconf 86' lang='lat' dir='ltr'><strong>curn</strong></span> <span class='ocrx_word' id='word_1_155' title='bbox 965 2248 1023 2308; x_wconf 89' lang='lat' dir='ltr'><strong>suis</strong></span> <span class='ocrx_word' id='word_1_156' title='bbox 1043 2248 1204 2308; x_wconf 89' lang='lat' dir='ltr'><strong>summariis</strong></span> <span class='ocrx_word' id='word_1_157' title='bbox 1224 2247 1301 2310; x_wconf 88' lang='lat' dir='ltr'><strong>douo</strong></span> <span class='ocrx_word' id='word_1_158' title='bbox 1319 2248 1368 2310; x_wconf 88' lang='lat' dir='ltr'><strong>de·</strong></span> <span class='ocrx_word' id='word_1_159' title='bbox 1375 2311 1379 2316; x_wconf 89' lang='grc'><em>,</em></span> 
     </span>
     <span class='ocr_line' id='line_1_18' title="bbox 199 2351 1431 2428; baseline 0.002 -13"><span class='ocrx_word' id='word_1_160' title='bbox 199 2353 252 2428; x_wconf 87' lang='lat' dir='ltr'><strong>dit,</strong></span> <span class='ocrx_word' id='word_1_161' title='bbox 275 2351 421 2426; x_wconf 82' lang='lat' dir='ltr'><strong>Eubulum</strong></span> <span class='ocrx_word' id='word_1_162' title='bbox 440 2359 537 2414; x_wconf 86' lang='lat' dir='ltr'><strong>autam</strong></span> <span class='ocrx_word' id='word_1_163' title='bbox 555 2352 630 2414; x_wconf 92' lang='lat' dir='ltr'><strong>libro</strong></span> <span class='ocrx_word' id='word_1_164' title='bbox 648 2352 817 2412; x_wconf 74' lang='lat' dir='ltr'><strong>cerdonum</strong></span> <span class='ocrx_word' id='word_1_165' title='bbox 835 2367 966 2428; x_wconf 85' lang='lat' dir='ltr'><strong>suarum,</strong></span> <span class='ocrx_word' id='word_1_166' title='bbox 990 2353 1036 2412; x_wconf 91' lang='lat' dir='ltr'><strong>eui</strong></span> <span class='ocrx_word' id='word_1_167' title='bbox 1054 2353 1169 2414; x_wconf 86' lang='lat' dir='ltr'><strong>titulum</strong></span> <span class='ocrx_word' id='word_1_168' title='bbox 1181 2353 1232 2425; x_wconf 85' lang='lat' dir='ltr'><strong>die</strong></span> <span class='ocrx_word' id='word_1_169' title='bbox 1245 2354 1370 2418; x_wconf 83' lang='grc' dir='ltr'>Κιιιιιιι-</span> <span class='ocrx_word' id='word_1_170' title='bbox 1426 2409 1431 2418; x_wconf 95' lang='grc'><em>.</em></span> 
     </span>
     <span class='ocr_line' id='line_1_19' title="bbox 124 2456 1371 2571; baseline 0.002 -51"><span class='ocrx_word' id='word_1_171' title='bbox 124 2491 138 2510; x_wconf 53' lang='grc' dir='ltr'>κ</span> <span class='ocrx_word' id='word_1_172' title='bbox 198 2457 328 2537; x_wconf 75' lang='lat' dir='ltr'><strong>predipt,</strong></span> <span class='ocrx_word' id='word_1_173' title='bbox 351 2458 455 2522; x_wconf 84' lang='lat' dir='ltr'><strong>donari</strong></span> <span class='ocrx_word' id='word_1_174' title='bbox 477 2456 547 2520; x_wconf 88' lang='lat' dir='ltr'><strong>iacit</strong></span> <span class='ocrx_word' id='word_1_175' title='bbox 568 2461 599 2520; x_wconf 90' lang='lat' dir='ltr'><strong>et</strong></span> <span class='ocrx_word' id='word_1_176' title='bbox 620 2457 799 2533; x_wconf 84' lang='lat' dir='ltr'><strong>expositione</strong></span> <span class='ocrx_word' id='word_1_177' title='bbox 821 2471 875 2518; x_wconf 86' lang='lat' dir='ltr'><strong>sua</strong></span> <span class='ocrx_word' id='word_1_178' title='bbox 900 2457 931 2518; x_wconf 91' lang='grc' dir='ltr'><strong>ιι</strong></span> <span class='ocrx_word' id='word_1_179' title='bbox 951 2458 1069 2519; x_wconf 86' lang='lat' dir='ltr'><strong>Esaiam</strong></span> <span class='ocrx_word' id='word_1_180' title='bbox 1087 2459 1261 2534; x_wconf 87' lang='lat' dir='ltr'><strong>prophetam</strong></span> <span class='ocrx_word' id='word_1_181' title='bbox 1282 2460 1371 2571; x_wconf 71' lang='lat' dir='ltr'><strong>bone</strong></span> 
     </span>
     <span class='ocr_line' id='line_1_20' title="bbox 197 2557 282 2626; baseline -0.013 -1"><span class='ocrx_word' id='word_1_182' title='bbox 197 2557 282 2626; x_wconf 83' lang='lat' dir='ltr'><strong>ravit.</strong></span> 
     </span>
    </p>

    <p class='ocr_par' dir='ltr' id='par_1_9' title="bbox 198 2621 1414 2962">
     <span class='ocr_line' id='line_1_21' title="bbox 285 2621 1369 2744; baseline 0 -12"><span class='ocrx_word' id='word_1_183' title='bbox 285 2668 397 2732; x_wconf 88' lang='lat' dir='ltr'><strong>Ibidem</strong></span> <span class='ocrx_word' id='word_1_184' title='bbox 411 2669 448 2732; x_wconf 92' lang='lat' dir='ltr'><strong>de</strong></span> <span class='ocrx_word' id='word_1_185' title='bbox 463 2668 586 2732; x_wconf 85' lang='lat' dir='ltr'><strong>adversa</strong></span> <span class='ocrx_word' id='word_1_186' title='bbox 599 2621 763 2730; x_wconf 86' lang='lat' dir='ltr'><strong>ualetudine</strong></span> <span class='ocrx_word' id='word_1_187' title='bbox 776 2667 918 2744; x_wconf 84' lang='lat' dir='ltr'><strong>principis</strong></span> <span class='ocrx_word' id='word_1_188' title='bbox 926 2669 1019 2730; x_wconf 90' lang='lat' dir='ltr'><strong>nostri</strong></span> <span class='ocrx_word' id='word_1_189' title='bbox 1031 2671 1168 2732; x_wconf 88' lang='lat' dir='ltr'><strong>certiores</strong></span> <span class='ocrx_word' id='word_1_190' title='bbox 1182 2667 1251 2730; x_wconf 89' lang='lat' dir='ltr'><strong>iacti</strong></span> <span class='ocrx_word' id='word_1_191' title='bbox 1263 2685 1369 2732; x_wconf 90' lang='lat' dir='ltr'><strong>sumus.</strong></span> 
     </span>
     <span class='ocr_line' id='line_1_22' title="bbox 198 2773 1368 2851; baseline 0 -13"><span class='ocrx_word' id='word_1_192' title='bbox 198 2773 339 2851; x_wconf 77' lang='lat' dir='ltr'><strong>Georgius</strong></span> <span class='ocrx_word' id='word_1_193' title='bbox 353 2774 541 2836; x_wconf 82' lang='lat' dir='ltr'><strong>Volclnnarus</strong></span> <span class='ocrx_word' id='word_1_194' title='bbox 556 2777 673 2835; x_wconf 86' lang='lat' dir='ltr'><strong>senator</strong></span> <span class='ocrx_word' id='word_1_195' title='bbox 692 2778 723 2834; x_wconf 89' lang='lat' dir='ltr'><strong>et</strong></span> <span class='ocrx_word' id='word_1_196' title='bbox 736 2774 873 2850; x_wconf 88' lang='lat' dir='ltr'><strong>patricius</strong></span> <span class='ocrx_word' id='word_1_197' title='bbox 892 2774 1134 2850; x_wconf 78' lang='lat' dir='ltr'><strong>Norinbergensis</strong></span> <span class='ocrx_word' id='word_1_198' title='bbox 1149 2775 1296 2837; x_wconf 88' lang='lat' dir='ltr'><strong>nobiscum</strong></span> <span class='ocrx_word' id='word_1_199' title='bbox 1310 2793 1368 2838; x_wconf 92' lang='lat' dir='ltr'><strong>coe·</strong></span> 
     </span>
     <span class='ocr_line' id='line_1_23' title="bbox 199 2880 1414 2972; baseline -0.002 -30"><span class='ocrx_word' id='word_1_200' title='bbox 199 2881 288 2944; x_wconf 82' lang='lat' dir='ltr'><strong>navit</strong></span> <span class='ocrx_word' id='word_1_201' title='bbox 319 2880 443 2942; x_wconf 80' lang='lat' dir='ltr'><strong>Senatus</strong></span> <span class='ocrx_word' id='word_1_202' title='bbox 457 2881 525 2942; x_wconf 85' lang='lat' dir='ltr'><strong>vina</strong></span> <span class='ocrx_word' id='word_1_203' title='bbox 539 2896 654 2956; x_wconf 84' lang='lat' dir='ltr'><strong>quoque</strong></span> <span class='ocrx_word' id='word_1_204' title='bbox 667 2881 751 2942; x_wconf 88' lang='lat' dir='ltr'><strong>nobis</strong></span> <span class='ocrx_word' id='word_1_205' title='bbox 766 2880 939 2972; x_wconf 75' lang='lat' dir='ltr'><strong>propinavit.</strong></span> <span class='ocrx_word' id='word_1_206' title='bbox 1410 2951 1414 2962; x_wconf 35' lang='lat'>‚</span> 
     </span>
    </p>

    <p class='ocr_par' dir='ltr' id='par_1_10' title="bbox 198 2937 1370 3168">
     <span class='ocr_line' id='line_1_24' title="bbox 286 2937 1370 3065; baseline 0.003 -18"><span class='ocrx_word' id='word_1_207' title='bbox 286 2985 412 3048; x_wconf 89' lang='lat' dir='ltr'><strong>Domino</strong></span> <span class='ocrx_word' id='word_1_208' title='bbox 425 2987 493 3048; x_wconf 84' lang='lat' dir='ltr'><strong>vito</strong></span> <span class='ocrx_word' id='word_1_209' title='bbox 507 3002 581 3048; x_wconf 81' lang='lat' dir='ltr'><strong>uxor</strong></span> <span class='ocrx_word' id='word_1_210' title='bbox 595 2991 640 3047; x_wconf 87' lang='lat' dir='ltr'><strong>est</strong></span> <span class='ocrx_word' id='word_1_211' title='bbox 654 2984 829 3062; x_wconf 80' lang='lat' dir='ltr'><strong>magdalena</strong></span> <span class='ocrx_word' id='word_1_212' title='bbox 843 2985 966 3062; x_wconf 90' lang='lat' dir='ltr'><strong>nomine,</strong></span> <span class='ocrx_word' id='word_1_213' title='bbox 981 2983 1057 3048; x_wconf 87' lang='lat' dir='ltr'><strong>filios</strong></span> <span class='ocrx_word' id='word_1_214' title='bbox 1071 2987 1160 3050; x_wconf 85' lang='lat' dir='ltr'><strong>habet</strong></span> <span class='ocrx_word' id='word_1_215' title='bbox 1173 2987 1279 3065; x_wconf 82' lang='lat' dir='ltr'><strong>Vitam,</strong></span> <span class='ocrx_word' id='word_1_216' title='bbox 1295 2937 1370 3052; x_wconf 81' lang='lat' dir='ltr'><strong>Pau·</strong></span> 
     </span>
     <span class='ocr_line' id='line_1_25' title="bbox 198 3089 975 3170; baseline -0.003 -16"><span class='ocrx_word' id='word_1_217' title='bbox 198 3094 275 3170; x_wconf 87' lang='grc' dir='ltr'>ιιι,</span> <span class='ocrx_word' id='word_1_218' title='bbox 287 3091 474 3168; x_wconf 89' lang='lat' dir='ltr'><strong>Philippum,</strong></span> <span class='ocrx_word' id='word_1_219' title='bbox 497 3089 572 3153; x_wconf 85' lang='lat' dir='ltr'><strong>iilius</strong></span> <span class='ocrx_word' id='word_1_220' title='bbox 589 3092 819 3167; x_wconf 81' lang='lat' dir='ltr'><strong>Margaretbam,</strong></span> <span class='ocrx_word' id='word_1_221' title='bbox 842 3091 975 3154; x_wconf 83' lang='grc' dir='ltr'>Μιιιιιι</span> 
     </span>
    </p>

    <p class='ocr_par' dir='ltr' id='par_1_11' title="bbox 199 3195 1371 3594">
     <span class='ocr_line' id='line_1_26' title="bbox 287 3195 1370 3274; baseline 0.006 -16"><span class='ocrx_word' id='word_1_222' title='bbox 287 3197 479 3270; x_wconf 79' lang='lat' dir='ltr'><strong>Noriubergae</strong></span> <span class='ocrx_word' id='word_1_223' title='bbox 493 3195 589 3260; x_wconf 83' lang='lat' dir='ltr'><strong>udbue</strong></span> <span class='ocrx_word' id='word_1_224' title='bbox 601 3201 647 3256; x_wconf 87' lang='lat' dir='ltr'><strong>est</strong></span> <span class='ocrx_word' id='word_1_225' title='bbox 666 3196 797 3258; x_wconf 89' lang='lat' dir='ltr'><strong>doctrina</strong></span> <span class='ocrx_word' id='word_1_226' title='bbox 815 3213 890 3272; x_wconf 89' lang='lat' dir='ltr'><strong>pura</strong></span> <span class='ocrx_word' id='word_1_227' title='bbox 908 3199 1058 3274; x_wconf 81' lang='lat' dir='ltr'><strong>evangelii,</strong></span> <span class='ocrx_word' id='word_1_228' title='bbox 1081 3215 1182 3264; x_wconf 83' lang='lat' dir='ltr'><strong>uerum</strong></span> <span class='ocrx_word' id='word_1_229' title='bbox 1197 3201 1370 3264; x_wconf 82' lang='lat' dir='ltr'><strong>ecclesiaste</strong></span> 
     </span>
     <span class='ocr_line' id='line_1_27' title="bbox 199 3284 1371 3382; baseline 0.004 -17"><span class='ocrx_word' id='word_1_230' title='bbox 199 3320 219 3365; x_wconf 93' lang='lat' dir='ltr'><strong>a</strong></span> <span class='ocrx_word' id='word_1_231' title='bbox 232 3307 335 3364; x_wconf 87' lang='lat' dir='ltr'><strong>senatu</strong></span> <span class='ocrx_word' id='word_1_232' title='bbox 349 3284 498 3377; x_wconf 82' lang='lat' dir='ltr'><strong>rogantur,</strong></span> <span class='ocrx_word' id='word_1_233' title='bbox 521 3306 554 3362; x_wconf 90' lang='lat' dir='ltr'><strong>ut</strong></span> <span class='ocrx_word' id='word_1_234' title='bbox 572 3317 592 3362; x_wconf 91' lang='lat' dir='ltr'><strong>a</strong></span> <span class='ocrx_word' id='word_1_235' title='bbox 607 3301 752 3378; x_wconf 87' lang='lat' dir='ltr'><strong>carpendo</strong></span> <span class='ocrx_word' id='word_1_236' title='bbox 771 3317 900 3377; x_wconf 87' lang='lat' dir='ltr'><strong>quosque</strong></span> <span class='ocrx_word' id='word_1_237' title='bbox 914 3305 1080 3366; x_wconf 87' lang='lat' dir='ltr'><strong>nominatim</strong></span> <span class='ocrx_word' id='word_1_238' title='bbox 1094 3305 1266 3382; x_wconf 77' lang='lat' dir='ltr'><strong>abstineant,</strong></span> <span class='ocrx_word' id='word_1_239' title='bbox 1289 3309 1371 3370; x_wconf 88' lang='lat' dir='ltr'><strong>nimi-</strong></span> 
     </span>
     <span class='ocr_line' id='line_1_28' title="bbox 199 3405 1371 3491; baseline 0.003 -21"><span class='ocrx_word' id='word_1_240' title='bbox 199 3423 264 3470; x_wconf 86' lang='lat' dir='ltr'><strong>rum</strong></span> <span class='ocrx_word' id='word_1_241' title='bbox 279 3423 315 3468; x_wconf 86' lang='lat' dir='ltr'><strong>ee</strong></span> <span class='ocrx_word' id='word_1_242' title='bbox 328 3407 365 3468; x_wconf 90' lang='lat' dir='ltr'><strong>de</strong></span> <span class='ocrx_word' id='word_1_243' title='bbox 386 3421 482 3482; x_wconf 89' lang='lat' dir='ltr'><strong>causa,</strong></span> <span class='ocrx_word' id='word_1_244' title='bbox 506 3405 583 3485; x_wconf 87' lang='lat' dir='ltr'><strong>quod</strong></span> <span class='ocrx_word' id='word_1_245' title='bbox 602 3408 774 3491; x_wconf 87' lang='lat' dir='ltr'><strong>aduersariis</strong></span> <span class='ocrx_word' id='word_1_246' title='bbox 795 3409 871 3469; x_wconf 88' lang='lat' dir='ltr'><strong>mala</strong></span> <span class='ocrx_word' id='word_1_247' title='bbox 891 3409 974 3470; x_wconf 91' lang='lat' dir='ltr'><strong>nobis</strong></span> <span class='ocrx_word' id='word_1_248' title='bbox 994 3408 1138 3488; x_wconf 80' lang='lat' dir='ltr'><strong>inferendi</strong></span> <span class='ocrx_word' id='word_1_249' title='bbox 1158 3412 1290 3474; x_wconf 87' lang='lat' dir='ltr'><strong>voluntas</strong></span> <span class='ocrx_word' id='word_1_250' title='bbox 1312 3429 1371 3474; x_wconf 89' lang='lat' dir='ltr'><strong>non</strong></span> 
     </span>
     <span class='ocr_line' id='line_1_29' title="bbox 200 3511 1369 3594; baseline 0.005 -20"><span class='ocrx_word' id='word_1_251' title='bbox 200 3511 284 3588; x_wconf 89' lang='lat' dir='ltr'><strong>desit,</strong></span> <span class='ocrx_word' id='word_1_252' title='bbox 307 3513 333 3572; x_wconf 89' lang='grc' dir='ltr'><strong>ιι</strong></span> <span class='ocrx_word' id='word_1_253' title='bbox 347 3527 404 3588; x_wconf 86' lang='lat' dir='ltr'><strong>que</strong></span> <span class='ocrx_word' id='word_1_254' title='bbox 419 3511 504 3573; x_wconf 89' lang='lat' dir='ltr'><strong>detur</strong></span> <span class='ocrx_word' id='word_1_255' title='bbox 518 3513 632 3577; x_wconf 87' lang='lat' dir='ltr'><strong>occasio</strong></span> <span class='ocrx_word' id='word_1_256' title='bbox 652 3519 683 3574; x_wconf 92' lang='lat' dir='ltr'><strong>et</strong></span> <span class='ocrx_word' id='word_1_257' title='bbox 701 3514 804 3575; x_wconf 89' lang='lat' dir='ltr'><strong>bona</strong></span> <span class='ocrx_word' id='word_1_258' title='bbox 796 3531 827 3574; x_wconf 88' lang='grc' dir='ltr'><strong>ιι</strong></span> <span class='ocrx_word' id='word_1_259' title='bbox 848 3516 972 3591; x_wconf 89' lang='lat' dir='ltr'><strong>speciem</strong></span> <span class='ocrx_word' id='word_1_260' title='bbox 986 3517 1017 3576; x_wconf 92' lang='lat' dir='ltr'><strong>in</strong></span> <span class='ocrx_word' id='word_1_261' title='bbox 1031 3518 1137 3578; x_wconf 88' lang='lat' dir='ltr'><strong>malum</strong></span> <span class='ocrx_word' id='word_1_262' title='bbox 1150 3517 1369 3594; x_wconf 86' lang='lat' dir='ltr'><strong>interpretandi.</strong></span> 
     </span>
    </p>

    <p class='ocr_par' dir='ltr' id='par_1_12' title="bbox 200 3608 1371 3786">
     <span class='ocr_line' id='line_1_30' title="bbox 287 3608 1371 3734; baseline 0.007 -55"><span class='ocrx_word' id='word_1_263' title='bbox 287 3617 396 3680; x_wconf 88' lang='lat' dir='ltr'><strong>Doctor</strong></span> <span class='ocrx_word' id='word_1_264' title='bbox 418 3617 578 3703; x_wconf 83' lang='lat' dir='ltr'><strong>Veneelaus</strong></span> <span class='ocrx_word' id='word_1_265' title='bbox 599 3619 701 3694; x_wconf 81' lang='lat' dir='ltr'><strong>Lynck</strong></span> <span class='ocrx_word' id='word_1_266' title='bbox 722 3635 798 3682; x_wconf 89' lang='lat' dir='ltr'><strong>anne</strong></span> <span class='ocrx_word' id='word_1_267' title='bbox 820 3621 969 3734; x_wconf 85' lang='lat' dir='ltr'><strong>superiore</strong></span> <span class='ocrx_word' id='word_1_268' title='bbox 990 3623 1050 3682; x_wconf 80' lang='lat' dir='ltr'><strong>rita</strong></span> <span class='ocrx_word' id='word_1_269' title='bbox 1069 3623 1132 3698; x_wconf 85' lang='lat' dir='ltr'><strong>hac,</strong></span> <span class='ocrx_word' id='word_1_270' title='bbox 1156 3608 1283 3686; x_wconf 80' lang='lat' dir='ltr'><strong>feliciore</strong></span> <span class='ocrx_word' id='word_1_271' title='bbox 1300 3621 1371 3686; x_wconf 84' lang='grc' dir='ltr'>ιιιι-</span> 
     </span>
     <span class='ocr_line' id='line_1_31' title="bbox 200 3723 451 3800; baseline -0.012 -14"><span class='ocrx_word' id='word_1_272' title='bbox 200 3727 296 3800; x_wconf 87' lang='lat' dir='ltr'><strong>turus,</strong></span> <span class='ocrx_word' id='word_1_273' title='bbox 320 3723 451 3786; x_wconf 84' lang='lat' dir='ltr'><strong>excessit.</strong></span> 
     </span>
    </p>
   </div>
   <div class='ocr_carea' id='block_1_6' title="bbox 287 3801 1508 3907">
    <p class='ocr_par' dir='ltr' id='par_1_13' title="bbox 287 3801 1508 3907">
     <span class='ocr_line' id='line_1_32' title="bbox 287 3801 1508 3907; baseline 0.007 -18"><span class='ocrx_word' id='word_1_274' title='bbox 287 3828 388 3890; x_wconf 80' lang='lat' dir='ltr'><strong>Norici</strong></span> <span class='ocrx_word' id='word_1_275' title='bbox 402 3829 536 3904; x_wconf 88' lang='lat' dir='ltr'><strong>accusati,</strong></span> <span class='ocrx_word' id='word_1_276' title='bbox 560 3829 636 3904; x_wconf 90' lang='lat' dir='ltr'><strong>quod</strong></span> <span class='ocrx_word' id='word_1_277' title='bbox 650 3801 877 3907; x_wconf 85' lang='lat' dir='ltr'><strong>protestantibus</strong></span> <span class='ocrx_word' id='word_1_278' title='bbox 890 3832 1010 3906; x_wconf 80' lang='lat' dir='ltr'><strong>triginta</strong></span> <span class='ocrx_word' id='word_1_279' title='bbox 1023 3833 1113 3896; x_wconf 85' lang='lat' dir='ltr'><strong>millia</strong></span> <span class='ocrx_word' id='word_1_280' title='bbox 1126 3850 1280 3900; x_wconf 86' lang='lat' dir='ltr'><strong>aureorum</strong></span> <span class='ocrx_word' id='word_1_281' title='bbox 1293 3835 1370 3898; x_wconf 90' lang='lat' dir='ltr'><strong>douo</strong></span> <span class='ocrx_word' id='word_1_282' title='bbox 1391 3809 1394 3816; x_wconf 37' lang='lat'><em>¹</em></span> <span class='ocrx_word' id='word_1_283' title='bbox 1507 3819 1508 3826; x_wconf 7' lang='grc' dir='ltr'>ἵ</span> 
     </span>
    </p>
   </div>
   <div class='ocr_carea' id='block_1_7' title="bbox 198 3933 1371 4103">
    <p class='ocr_par' dir='ltr' id='par_1_14' title="bbox 198 3933 1371 4103">
     <span class='ocr_line' id='line_1_33' title="bbox 198 3933 1371 4045; baseline 0.007 -49"><span class='ocrx_word' id='word_1_284' title='bbox 198 3933 414 4010; x_wconf 76' lang='lat' dir='ltr'><strong>dederintque</strong></span> <span class='ocrx_word' id='word_1_285' title='bbox 429 3935 563 3996; x_wconf 87' lang='lat' dir='ltr'><strong>animum</strong></span> <span class='ocrx_word' id='word_1_286' title='bbox 570 3936 710 4012; x_wconf 78' lang='lat' dir='ltr'><strong>rugientis</strong></span> <span class='ocrx_word' id='word_1_287' title='bbox 724 3939 816 4000; x_wconf 86' lang='lat' dir='ltr'><strong>leom&#39;s</strong></span> <span class='ocrx_word' id='word_1_288' title='bbox 831 3939 1035 4016; x_wconf 82' lang='lat' dir='ltr'><strong>demulcerent,</strong></span> <span class='ocrx_word' id='word_1_289' title='bbox 1046 3939 1134 4045; x_wconf 87' lang='lat' dir='ltr'><strong>iidem</strong></span> <span class='ocrx_word' id='word_1_290' title='bbox 1149 3941 1269 4018; x_wconf 79' lang='lat' dir='ltr'><strong>triginta</strong></span> <span class='ocrx_word' id='word_1_291' title='bbox 1281 3943 1371 4004; x_wconf 87' lang='lat' dir='ltr'><strong>millia</strong></span> 
     </span>
     <span class='ocr_line' id='line_1_34' title="bbox 198 4039 654 4103; baseline 0.002 -1"><span class='ocrx_word' id='word_1_292' title='bbox 198 4045 400 4102; x_wconf 86' lang='lat' dir='ltr'><strong>coronatorum</strong></span> <span class='ocrx_word' id='word_1_293' title='bbox 414 4039 489 4101; x_wconf 93' lang='lat' dir='ltr'><strong>dono</strong></span> <span class='ocrx_word' id='word_1_294' title='bbox 505 4040 654 4103; x_wconf 91' lang='lat' dir='ltr'><strong>dederunt.</strong></span> 
     </span>
    </p>
   </div>
   <div class='ocr_carea' id='block_1_8' title="bbox 199 4144 1369 4330">
    <p class='ocr_par' dir='ltr' id='par_1_15' title="bbox 199 4144 1369 4330">
     <span class='ocr_line' id='line_1_35' title="bbox 286 4144 1369 4230; baseline 0.006 -22"><span class='ocrx_word' id='word_1_295' title='bbox 286 4146 416 4223; x_wconf 78' lang='lat' dir='ltr'><strong>Rothper</strong></span> <span class='ocrx_word' id='word_1_296' title='bbox 435 4144 479 4208; x_wconf 89' lang='grc' dir='ltr'><strong>ιιι</strong></span> <span class='ocrx_word' id='word_1_297' title='bbox 496 4147 549 4208; x_wconf 91' lang='lat' dir='ltr'><strong>der</strong></span> <span class='ocrx_word' id='word_1_298' title='bbox 567 4147 668 4224; x_wconf 78' lang='lat' dir='ltr'><strong>Burgk</strong></span> <span class='ocrx_word' id='word_1_299' title='bbox 681 4147 827 4212; x_wconf 77' lang='lat' dir='ltr'><strong>aurifaber</strong></span> <span class='ocrx_word' id='word_1_300' title='bbox 842 4151 996 4227; x_wconf 80' lang='lat' dir='ltr'><strong>apoplexia</strong></span> <span class='ocrx_word' id='word_1_301' title='bbox 1014 4155 1108 4215; x_wconf 85' lang='lat' dir='ltr'><strong>tactus</strong></span> <span class='ocrx_word' id='word_1_302' title='bbox 1127 4158 1181 4230; x_wconf 83' lang='lat' dir='ltr'><strong>est,</strong></span> <span class='ocrx_word' id='word_1_303' title='bbox 1204 4167 1304 4215; x_wconf 88' lang='lat' dir='ltr'><strong>verum</strong></span> <span class='ocrx_word' id='word_1_304' title='bbox 1317 4151 1369 4215; x_wconf 90' lang='lat' dir='ltr'><strong>ad·</strong></span> 
     </span>
     <span class='ocr_line' id='line_1_36' title="bbox 199 4251 819 4330; baseline 0.003 -16"><span class='ocrx_word' id='word_1_305' title='bbox 199 4251 256 4314; x_wconf 88' lang='lat' dir='ltr'><strong>huc</strong></span> <span class='ocrx_word' id='word_1_306' title='bbox 269 4260 402 4330; x_wconf 87' lang='lat' dir='ltr'><strong>superest</strong></span> <span class='ocrx_word' id='word_1_307' title='bbox 416 4260 446 4315; x_wconf 90' lang='lat' dir='ltr'><strong>et</strong></span> <span class='ocrx_word' id='word_1_308' title='bbox 459 4256 584 4316; x_wconf 87' lang='lat' dir='ltr'><strong>vescitur</strong></span> <span class='ocrx_word' id='word_1_309' title='bbox 598 4272 675 4317; x_wconf 89' lang='lat' dir='ltr'><strong>aura</strong></span> <span class='ocrx_word' id='word_1_310' title='bbox 685 4257 819 4318; x_wconf 86' lang='lat' dir='ltr'><strong>aetherea.</strong></span> 
     </span>
    </p>
   </div>
   <div class='ocr_carea' id='block_1_9' title="bbox 288 4352 1370 4442">
    <p class='ocr_par' dir='ltr' id='par_1_16' title="bbox 288 4352 1370 4442">
     <span class='ocr_line' id='line_1_37' title="bbox 288 4352 1370 4442; baseline 0.006 -22"><span class='ocrx_word' id='word_1_311' title='bbox 288 4352 476 4422; x_wconf 83' lang='lat' dir='ltr'><strong>Eberhardus</strong></span> <span class='ocrx_word' id='word_1_312' title='bbox 490 4361 624 4427; x_wconf 88' lang='lat' dir='ltr'><strong>Ebnerus</strong></span> <span class='ocrx_word' id='word_1_313' title='bbox 638 4359 752 4422; x_wconf 89' lang='lat' dir='ltr'><strong>nomine</strong></span> <span class='ocrx_word' id='word_1_314' title='bbox 770 4361 1004 4440; x_wconf 75' lang='lat' dir='ltr'><strong>norimbergensis</strong></span> <span class='ocrx_word' id='word_1_315' title='bbox 1018 4372 1134 4428; x_wconf 90' lang='lat' dir='ltr'><strong>senatus</strong></span> <span class='ocrx_word' id='word_1_316' title='bbox 1149 4366 1274 4442; x_wconf 79' lang='lat' dir='ltr'><strong>equitem</strong></span> <span class='ocrx_word' id='word_1_317' title='bbox 1287 4365 1370 4430; x_wconf 89' lang='lat' dir='ltr'><strong>nobis</strong></span> 
     </span>
    </p>
   </div>
   <div class='ocr_carea' id='block_1_10' title="bbox 203 4463 1121 4562">
    <p class='ocr_par' dir='ltr' id='par_1_17' title="bbox 203 4463 1121 4562">
     <span class='ocr_line' id='line_1_38' title="bbox 203 4463 1121 4562; baseline 0.002 -32"><span class='ocrx_word' id='word_1_318' title='bbox 203 4463 348 4546; x_wconf 81' lang='lat' dir='ltr'><strong>adiunxit,</strong></span> <span class='ocrx_word' id='word_1_319' title='bbox 369 4467 452 4544; x_wconf 82' lang='lat' dir='ltr'><strong>crujm</strong></span> <span class='ocrx_word' id='word_1_320' title='bbox 466 4465 554 4562; x_wconf 79' lang='lat' dir='ltr'><strong>ductu</strong></span> <span class='ocrx_word' id='word_1_321' title='bbox 568 4466 773 4546; x_wconf 78' lang='lat' dir='ltr'><strong>weissenburg</strong></span> <span class='ocrx_word' id='word_1_322' title='bbox 788 4468 905 4545; x_wconf 85' lang='lat' dir='ltr'><strong>deducti</strong></span> <span class='ocrx_word' id='word_1_323' title='bbox 918 4485 1024 4532; x_wconf 88' lang='lat' dir='ltr'><strong>sumus.</strong></span> <span class='ocrx_word' id='word_1_324' title='bbox 1120 4519 1121 4522; x_wconf 63' lang='lat'><strong>,</strong></span> 
     </span>
    </p>
   </div>
   <div class='ocr_carea' id='block_1_11' title="bbox 0 0 1540 5110">
    <p class='ocr_par' dir='ltr' id='par_1_18' title="bbox 0 0 1540 5110">
     <span class='ocr_line' id='line_1_39' title="bbox 0 0 1540 5110; baseline 0 0"><span class='ocrx_word' id='word_1_325' title='bbox 0 0 1540 5110; x_wconf 95' lang='lat' dir='ltr'><strong> </strong></span> 
     </span>
    </p>
   </div>
  </div>
 </body>
</html>
