3020 5112
648 459 707 524 18¹

86 639 174 698 aliter
189 637 254 698 fiori
269 639 382 712 nequit,
407 637 543 698 obediens
562 649 615 713 per
636 641 740 699 omnia
777 639 836 698 Sed
852 639 876 698 ai
898 654 956 698 non
972 641 1163 700 necessarium
1177 639 1261 718 foret,

86 744 165 804 idem
179 749 267 804 esset.
291 743 337 802 Ad
350 741 632 802 baacAtrebatensis:
653 744 717 803 Hoc
731 742 799 803 iecit
812 743 869 802 dux
884 743 1037 804 Udalricus
1051 746 1263 822 aWirtenberg

86 855 117 908 et
132 850 217 907 multi
232 849 348 907 maximi
362 849 426 922 riri,
443 864 499 908 nec
510 848 597 908 ducat
611 865 705 908 comes
719 853 786 907 tuus
801 849 855 908 hoc
867 829 908 908 illi
919 849 964 908 vel
973 848 1108 910 dedecori
1121 852 1166 909 vel
1181 852 1262 910 oneri

85 971 152 1014 esse
168 959 223 1014 etc.
263 953 317 1013 His
338 955 450 1028 Viglius
473 953 597 1014 addidit:
628 953 712 1014 Certe
732 951 860 1012 futurum
880 960 941 1027 est,
973 959 1006 1012 ut
1025 969 1122 1012 omnes
1144 956 1262 1014 comites

85 1058 311 1118 Waldeccenses
327 1073 423 1118 coram
448 1073 573 1117 caesarea
587 1060 738 1132 majestate
759 1059 790 1115 in
805 1059 924 1132 propria
944 1073 1070 1132 persona
1084 1059 1197 1117 veniam
1211 1058 1261 1118 de·

85 1164 202 1236 precari
217 1167 359 1235 oporteat.
575 1165 579 1172 '

177 1268 302 1327 Domine
321 1269 407 1342 Jesu,
428 1269 474 1326 cui
490 1268 574 1341 iussu
595 1267 696 1329 aeterui
715 1267 806 1340 patria
827 1266 869 1324 tui
891 1283 975 1326 omne
995 1282 1072 1340 genu
1092 1267 1261 1341 coelestium,

84 1375 270 1432 terrestrium
285 1377 315 1432 ct
329 1371 485 1432 inieromm
499 1372 602 1430 merito
623 1387 657 1430 ac
668 1371 747 1444 juste
771 1370 910 1443 flectitur,
934 1370 972 1429 da
992 1375 1025 1430 ut
1045 1373 1087 1430 ita
1099 1389 1216 1430 sumnrae
1232 1373 1262 1431 in

84 1478 173 1537 terris
190 1478 326 1549 potestati
342 1477 481 1549 obediam,
498 1492 534 1535 ne
548 1483 615 1536 tuus
630 1481 726 1535 mmcd
740 1475 833 1534 honor
847 1475 979 1534 laedatur.

177 1581 368 1656 Piuzingerns
384 1581 456 1640 nihil
471 1581 564 1640 adhuc
578 1579 679 1640 effecit.
701 1579 730 1638 Α
744 1580 866 1656 prandio
886 1579 917 1637 in
932 1579 1024 1637 hortis
1038 1580 1140 1639 Jacobi
1155 1580 1262 1640 Adeler

85 1686 314 1746 deambulamus.
358 1687 532 1760 Supervenit
549 1663 644 1745 antem
659 1685 762 1744 doctor
782 1685 938 1743 Cammarm
964 1685 1187 1759 Fritzlariensis,
1213 1686 1262 1759 qui

84 1793 223 1866 episcopo
239 1789 276 1848 ab
292 1790 469 1849 Hildesbeim
484 1807 503 1849 a
517 1789 635 1849 secretis
650 1795 680 1848 ct
695 1789 821 1876 consiliis
836 1793 890 1848 est.

176 1895 258 1953 Inter
273 1895 417 1953 Dntleben
432 1895 595 1969 episcopum
610 1893 887 1952 Hildeshcimensem
904 1897 933 1952 et
947 1893 1103 1951 Henricum
1119 1893 1261 1950 seniorem

84 2000 189 2060 ducem
205 2001 443 2080 allmunschwig
462 2002 504 2060 ita
517 1997 579 2059 fere
593 2003 764 2084 conventum
780 2002 836 2071 est,
859 2001 892 2055 ut
911 1997 1060 2070 episcopus
1075 1998 1148 2055 duas
1162 2001 1261 2070 partes

84 2109 248 2164 castrorum
267 2109 298 2162 et
321 2121 460 2176 pagorum
480 2106 623 2178 acciperet
636 2109 667 2162 et
681 2103 798 2162 tertiam
821 2106 933 2176 partem
948 2102 1009 2175 ejus
1025 2101 1151 2175 ditionis,
1175 2117 1261 2174 quam

79 2210 149 2282 jure
164 2209 359 2282 pignoratitic
369 2209 538 2282 possideret
554 2208 645 2267 donec
659 2209 810 2282 episcopus
822 2205 969 2266 commoda
984 2223 1047 2265 eam
1062 2223 1115 2278 pro
1131 2207 1260 2280 pecuniae

83 2329 207 2386 summa,
224 2329 311 2385 quam
326 2329 416 2372 caesar
431 2331 485 2386 pro
500 2329 583 2386 aquo
597 2319 629 2372 et
641 2313 720 2386 justo
736 2313 863 2386 duceret,
879 2311 1021 2370 redimere
1036 2317 1142 2383 posset.

175 2418 256 2477 Nota
270 2419 357 2476 vicies
378 2423 498 2477 centena
517 2419 607 2477 millia
628 2418 773 2476 uummtlm
792 2434 810 2475 a
831 2415 950 2476 subditis
965 2415 1260 2482 Hildeslreimensibua

85 2522 232 2582 Hemicus
249 2522 308 2581 dux
322 2523 359 2582 ab
375 2539 409 2580 eo
424 2528 563 2596 tempore,
575 2527 642 2597 'qno
657 2525 780 2597 primum
800 2521 874 2581 banc
888 2523 1068 2595 episcopatus
1084 2526 1196 2594 partem
1211 2535 1258 2578 oc·

85 2628 214 2701 cuparii,
230 2629 387 2686 corrasisse
402 2627 516 2686 dieitur.
539 2627 610 2687 llaec
626 2645 734 2686 summa
748 2633 778 2686 et
797 2642 930 2699 expensa
944 2626 1035 2684 litium
1050 2625 1134 2682 simul
1149 2630 1178 2682 et
1192 2625 1258 2682 red-

84 2731 165 2790 ditus
187 2731 277 2788 annui
300 2729 572 2806 haetenus‘recepti
590 2733 715 2791 ilenrico
744 2731 810 2789 duci
838 2745 1010 2803 permature
1028 2717 1179 2788 debebant
1216 2729 1260 2786 Ac

83 2836 231 2894 Hemicus
246 2833 304 2894 dux
311 2837 439 2908 -quoesita
453 2837 668 2910 opportunitate
683 2835 815 2910 Augusta
834 2833 965 2892 discessit
979 2838 1133 2906 antequam
1147 2832 1177 2890 hi
1192 2849 1259 2906 pro·

84 2955 185 3005 cessus
201 2943 366 2998 contractus
381 2939 619 3014 participassent.
657 2941 737 2999 Idem
751 2939 810 2997 dux
825 2937 929 2996 dicitur
946 2937 1141 2996 Goslarienses
1157 2937 1257 3010 postli-

84 3044 176 3103 minio
192 3043 304 3102 duriter
319 3041 457 3118 affligere.

176 3147 245 3206 Dux
259 3149 362 3206 Ericus
379 3165 396 3208 a
410 3149 615 3224 Braunscbwig
636 3149 772 3223 proximis
794 3149 839 3207 his
854 3145 954 3208 diebus
969 3161 985 3204 e
1000 3145 1109 3204 balneis
1126 3144 1257 3204 Wiesba·

85 3253 145 3312 den
160 3252 217 3310 buc
232 3266 295 3310 cum
310 3269 362 3313 sua
377 3252 486 3312 familia
501 3259 579 3312 totus
594 3254 769 3312 holosericcs
783 3253 878 3313 rediit.
1010 3253 1015 3258 “
1280 3333 1284 3336 -

177 3355 288 3414 Eadem
303 3357 444 3416 Henricus
460 3355 551 3416 erait
560 3358 759 3432 ‘Augustanus
775 3359 825 3431 qui
839 3359 976 3417 hactenus
987 3357 1072 3419 lusto
1084 3355 1258 3416 Oolbeohero

89 3460 119 3518 in
137 3459 245 3518 socium
260 3459 374 3518 additus
389 3467 461 3533 erat,
477 3479 530 3536 per
544 3461 657 3522 litteras
672 3464 765 3536 petiit,
780 3467 813 3521 ut
827 3437 933 3536 singuli
947 3461 1127 3522 Waldeciani
1141 3463 1258 3521 comites

87 3565 217 3636 quinque
232 3564 278 3622 vel
292 3581 343 3624 sex
356 3565 497 3638 thaleros,
520 3584 576 3640 quo
596 3583 702 3640 equum
716 3583 883 3642 comparare
897 3573 1009 3641 posset,
1031 3567 1072 3625 illi
1091 3573 1189 3625 mutuo
1209 3568 1259 3626 da-

87 3674 163 3741 rant,
179 3668 344 3728 redditurus
366 3687 429 3728 eam
449 3673 599 3744 pecuniam
614 3673 651 3731 ad
671 3673 815 3746 proximas
837 3671 980 3730 nundinas
1001 3669 1256 3729 francofordianas.

88 3772 222 3832 Donatus
238 3779 283 3832 est
297 3776 386 3848 igitur
402 3791 419 3833 a
434 3775 566 3850 Philippo
586 3781 621 3846 et=
630 3777 745 3837 Eubulo
767 3793 818 3834 ser
832 3775 951 3834 thaleris
966 3791 1000 3834 ac
1023 3777 1140 3834 servitio
1154 3775 1258 3834 libera-

89 3884 147 3937 tus.
185 3879 363 3940 Verebamur
383 3881 467 3956 enim,
488 3898 525 3940 ne
544 3873 580 3940 ex
601 3881 736 3940 nundinis
750 3878 991 3938 bancolurdianis
1011 3879 1136 3938 calermae
1155 3897 1258 3953 graecae

88 3981 202 4041 fierent.

178 4087 288 4146 Eadem
303 4087 438 4148 Liberius
461 4089 499 4148 ad
513 4085 638 4167 Viglium
659 4095 688 4148 et
703 4088 817 4148 Seldum
832 4089 934 4148 missu's
951 4098 1011 4166 est,
1028 4097 1060 4154 ιιι
1075 4093 1178 4166 quibus
1193 4073 1270 4151 tan-¹

88 4191 153 4250 dem
170 4192 347 4251 ceremoniis
362 4194 558 4267 prosternatio
573 4197 641 4252 ante
656 4209 791 4252 caesarem
799 4192 931 4254 facienda
945 4201 1022 4256 esset
1035 4201 1065 4256 et
1079 4199 1186 4272 quibus'
1196 4213 1259 4256 ver-

87 4296 132 4355 bis
148 4294 318 4370 depredatio
333 4296 429 4372 fieret,
453 4300 522 4358 item
543 4313 599 4372 quo
621 4303 764 4373 tempore,
788 4305 899 4372 poteret
913 4317 1026 4375 quoque
1050 4308 1083 4361 ut
1096 4305 1199 4363 litterae
1213 4281 1259 4362 re·

88 4400 227 4460 misseriae
244 4401 324 4479 (nam
340 4407 370 4460 et
384 4403 475 4462 nostri
490 4402 624 4462 Germani
640 4403 716 4475 quod
729 4405 785 4462 illis
799 4405 871 4464 bene
886 4406 925 4464 sit
938 4406 1149 4467 Remissbrieve
1163 4406 1258 4468 dicere

88 4505 254 4581 addiscunt)
276 4507 524 4568 conscriberentur·
544 4513 573 4568 ct
591 4511 671 4582 prius
688 4507 726 4568 ad
747 4510 896 4586 muudum,
919 4512 1135 4588 attenduntur,
1151 4493 1256 4580 scribo-
