3046 5104
770 419 834 490 158

301 600 382 662 Intra
395 605 508 678 portam
522 597 616 675 urbis,
640 615 725 673 quam
740 598 859 658 rubeam
873 599 1045 673 appellant,¹
1060 601 1090 658 et
1109 598 1251 674 pomoeria
1270 597 1302 656 in
1316 614 1389 672 pro·

213 708 381 783 pugnaculis
405 704 573 778 quibusdam
595 719 683 779 super
701 702 833 776 insigniis
852 717 985 762 casareae
1005 703 1167 776 majestatis
1189 708 1218 763 ct
1232 701 1313 762 urbis
1328 701 1391 762 Au·

214 816 305 886 gustoe
320 812 351 872 in
365 827 435 872 saxo
449 811 503 870 hoc
518 810 694 884 epigramma
709 808 829 868 incisum
844 807 998 881 legimum,

423 926 511 976 Aurea
529 923 638 974 libertas
656 922 714 974 heo
731 923 930 990 propugnacula
948 923 1020 986 lecit,

459 1011 539 1064 Hosti
557 1027 591 1061 no
609 1011 656 1062 fiat
673 1010 762 1078 prada
780 1016 888 1061 cruenta
906 1011 970 1062 iero.

422 1100 466 1150 Sic
487 1106 574 1148 tamen
593 1105 622 1147 ut
639 1113 734 1148 noman
754 1097 852 1148 domini
871 1099 1013 1149 fortissima
1032 1099 1110 1149 turris

460 1186 556 1237 Rideat
574 1185 695 1250 insultus,
714 1187 835 1248 tormina,
853 1185 915 1248 tela,
936 1165 1015 1236 iaces.

414 1276 492 1328 'Nam
509 1275 562 1326 nisi
581 1275 620 1326 sic
639 1273 760 1324 dominus
777 1279 866 1324 nestor
882 1273 1026 1324 fabricator
1043 1277 1069 1323 et
1087 1271 1161 1324 urbis

460 1363 512 1426 Qui
530 1363 607 1414 struit
624 1368 651 1413 et
669 1362 764 1427 vigilat
781 1361 821 1411 nil
838 1362 891 1412 nisi
909 1375 978 1412 vaus
995 1359 1067 1410 iacit.

304 1489 390 1549 Nunc
407 1487 526 1546 libertas
541 1485 679 1561 Augustae
698 1485 761 1545 fero
780 1483 936 1545 straminea
956 1489 1014 1558 est,
1037 1485 1062 1542 si
1076 1489 1110 1542 ιιι
1123 1487 1248 1558 coeptum
1263 1487 1308 1542 est
1323 1498 1392 1556 pro·

218 1592 397 1668 graderetur.
949 1593 951 1599 '

306 1695 417 1759 Eadem
432 1693 509 1755 Dido
529 1694 764 1766 aKniephausen
785 1692 931 1752 uobiscum
952 1707 1069 1752 coenara
1088 1691 1192 1765 voluit,
1216 1690 1268 1750 scd
1291 1685 1392 1750 ncs'cio

220 1819 277 1878 qua
291 1801 327 1861 dc
343 1817 429 1860 causa
443 1799 519 1858 domi
533 1799 681 1858 remansit.

308 1905 419 1966 Eadem
434 1906 523 1965 libros
538 1909 601 1964 octo
616 1903 813 1978 precationum
828 1915 974 1960 sacrarum
996 1915 1049 1973 pro
1065 1915 1153 1959 aureo
1168 1916 1225 1959 uno
1241 1915 1393 1974 compara-

219 2013 312 2072 vimus
329 2008 351 2085 ¹,
376 2011 531 2070 chronicon
545 2010 613 2068 item
628 2019 784 2065 caesareum
797 2005 922 2079 Appiani
943 2022 997 2080 pro
1013 2005 1137 2079 quinque
1152 2002 1268 2064 florenis
1283 2006 1391 2079 aureis,

219 2119 421 2176 testamentum
437 2129 541 2174 novum
556 2129 608 2187 pro
625 2118 734 2186 septem
747 2112 851 2186 batzis,
871 2112 933 2170 Der
945 2111 1057 2172 Leienn
1071 2111 1165 2170 Bibell
1187 2125 1241 2184 pro
1265 2113 1394 2182 quatuor

220 2221 321 2280 batzis.
1235 2203 1237 2208 ⁵

308 2323 366 2381 Per
381 2323 522 2382 loannem
536 2321 734 2394 Milchlingum
748 2322 845 2380 comiti
860 2337 878 2379 a
892 2321 1007 2380 Nasson
1020 2321 1132 2380 litteras
1147 2319 1184 2380 ad
1198 2320 1395 2379 marchionem

222 2425 372 2486 Albertum
387 2426 621 2484 transmittendas
637 2427 667 2484 in
682 2441 769 2485 causa
783 2425 916 2500 Dalwigk
932 2423 1037 2485 deferri
1053 2427 1222 2484 curavimus.

237 2537 241 2542 ’
309 2527 419 2587 Eadem
434 2529 576 2587 Henricus
592 2529 682 2589 Crafft
696 2529 816 2590 adduxit
829 2529 982 2589 Matthiam
1001 2530 1105 2588 Zolner
1128 2527 1300 2588 ciamulitio
1315 2544 1395 2588 mer·

221 2640 350 2692 catorum
365 2631 558 2692 dchreffter.
582 2635 611 2692 Is
625 2649 736 2692 mecum
750 2635 906 2693 collocutus
922 2631 958 2692 de
972 2633 1128 2693 invisendis
1142 2634 1259 2693 mineris
1274 2633 1395 2693 inIsen·

221 2739 356 2812 bargiaco
371 2737 467 2797 monte
486 2754 544 2796 non
559 2740 659 2811 procul
674 2757 692 2799 a
707 2737 867 2798 Corbaohio
883 2739 947 2796 sito.
987 2735 1177 2798 Convenimus
1194 2743 1230 2797 ut
1248 2749 1305 2798 nos‘
1316 2739 1396 2799 idem

221 2842 360 2902 Matthias
375 2843 405 2900 in
420 2843 584 2901 comitatum
599 2849 728 2902 nostrum
742 2849 872 2916 tempore
886 2845 1048 2916 opportuno
1063 2843 1264 2916 subsequatur.

312 2945 425 3006 Oceneti
439 2951 506 3005 sunt
520 2947 667 3007 nobiscum
682 2963 719 3004 m.
736 2947 923 3006 Sebastianus
939 2946 1074 3006 Glaserus
1090 2953 1120 3006 et
1134 2944 1395 3007 JoannesRatzen-

222 3049 326 3125 berger
341 3051 554 3136 archiepiscopo
569 3051 734 3110 Trevirensi
748 3067 766 3108 a
780 3051 898 3124 poculis.

311 3153 404 3215 Wolff
421 3156 522 3215 Haller
544 3157 581 3216 ab
601 3155 777 3215 Hallerstcin
800 3157 830 3214 in
850 3155 981 3215 inferiori
1002 3154 1157 3215 Germania
1179 3169 1215 3212 ex
1229 3153 1397 3214 civitatibus

224 3259 357 3317 Saxoniae
378 3274 454 3316 nunc
474 3261 575 3318 caesari
590 3276 667 3334 eam,
689 3276 776 3332 quam
790 3261 885 3348 adlruc
900 3275 936 3320 cx
956 3261 1079 3334 pecunia
1091 3257 1267 3340 ¹‹leiensionis
1284 3258 1328 3335 (ut
1342 3275 1396 3318 vo·

223 3359 302 3435 cant)
319 3360 479 3434 debebant,
502 3379 556 3436 pro
571 3363 697 3423 subsidio
720 3370 821 3423 contra
841 3365 965 3424 Turcam
979 3365 1103 3439 collegit.
1141 3363 1222 3423 Idem
1236 3363 1339 3422 Hallcr
1353 3363 1398 3422 ait

224 3465 354 3524 civitat-es
370 3467 518 3525 saxonicas
535 3473 563 3526 ct
579 3483 641 3541 cas,
663 3484 734 3545 quas
748 3469 856 3529 Hansae
870 3475 986 3542 vocant,
1011 3484 1118 3529 oceano
1140 3467 1311 3528 Germanico
1326 3481 1396 3540 pro·

223 3569 314 3631 rimas
330 3571 366 3630 ob
382 3571 500 3630 Interim
514 3571 587 3630 illud
600 3573 778 3632 tumultuari.

207 3679 214 3696 ”
314 3676 443 3750 Exurge,
460 3692 477 3735 o
493 3675 616 3750 domine,
632 3681 661 3736 et
676 3693 740 3736 cum
755 3695 840 3750 quem
855 3677 958 3738 dedisti
973 3679 1176 3753 legislatorem,
1193 3677 1239 3736 cui
1253 3676 1351 3736 omnia
1364 3676 1397 3736 iu

224 3767 325 3840 manus
346 3781 569 3856 contradidisti‚·
587 3782 686 3841 lesum
709 3782 852 3842 Christum
872 3781 1016 3842 dominum
1036 3787 1166 3841 nostrum
1185 3779 1232 3840 fac
1253 3781 1396 3840 dominari

224 3882 256 3941 in
269 3885 362 3944 medio
378 3887 557 3970 inimicorum
573 3903 698 3962 suorum,
718 3893 751 3946 ut
766 3888 858 3947 sciant
872 3887 989 3947 tandem
1002 3901 1087 3962 reges
1102 3892 1131 3947 et
1144 3887 1300 3962 principes,
1317 3885 1398 3959 quod

225 3987 353 4048 homines
369 3996 445 4050 sunt.
1146 3969 1149 3972 Ι

314 4093 424 4152 Eadem
439 4095 521 4154 nobis
536 4096 692 4156 indicatum
707 4101 750 4156 est
764 4113 817 4170 per
827 4097 957 4156 homines
966 4115 1025 4157 non
1037 4099 1131 4156 minus
1146 4097 1210 4171 pios
1225 4111 1311 4169 quam
1326 4092 1395 4153 (loc-

225 4199 287 4272 tos,
304 4197 445 4270 quomodo
462 4216 492 4258 se
506 4201 599 4272 ipsum
618 4202 744 4263 loannes
759 4201 881 4262 Islebius
896 4202 1020 4263 titularit
1035 4206 1064 4262 et
1079 4217 1164 4277 quam
1179 4199 1294 4260 sibimet
1308 4198 1395 4258 homo

802 4381 818 4418 *

300 4501 312 4546 1
333 4495 395 4570 Ilias
413 4495 632 4547 Astronomicum.
661 4497 720 4562 Vgi.
740 4513 800 4548 num
821 4501 852 4548 14
870 4497 933 4553 Jun.
1004 4513 1008 4526 ¹
