<?xml version="1.0" encoding="UTF-8"?>
<!DOCTYPE html PUBLIC "-//W3C//DTD XHTML 1.0 Transitional//EN"
    "http://www.w3.org/TR/xhtml1/DTD/xhtml1-transitional.dtd">
<html xmlns="http://www.w3.org/1999/xhtml" xml:lang="en" lang="en">
 <head>
  <title>
</title>
<meta http-equiv="Content-Type" content="text/html;charset=utf-8" />
  <meta name='ocr-system' content='tesseract 3.04.00' />
  <meta name='ocr-capabilities' content='ocr_page ocr_carea ocr_par ocr_line ocrx_word'/>
</head>
<body>
  <div class='ocr_page' id='page_1' title='image "./desgrafenwolrad02trosgoog_0103.png"; bbox 0 0 3046 5104; ppageno 0'>
   <div class='ocr_carea' id='block_1_1' title="bbox 784 425 836 490">
    <p class='ocr_par' dir='ltr' id='par_1_1' title="bbox 784 425 836 490">
     <span class='ocr_line' id='line_1_1' title="bbox 784 425 836 490; baseline -0.038 0"><span class='ocrx_word' id='word_1_1' title='bbox 784 425 836 490; x_wconf 79' lang='lat' dir='ltr'><strong>aa</strong></span> 
     </span>
    </p>
   </div>
   <div class='ocr_carea' id='block_1_2' title="bbox 190 602 1407 2068">
    <p class='ocr_par' dir='ltr' id='par_1_2' title="bbox 190 602 1407 1088">
     <span class='ocr_line' id='line_1_2' title="bbox 190 602 1407 680; baseline -0.002 -11"><span class='ocrx_word' id='word_1_2' title='bbox 190 657 192 662; x_wconf 89' lang='lat'><em>.</em></span> <span class='ocrx_word' id='word_1_3' title='bbox 224 610 379 670; x_wconf 87' lang='lat' dir='ltr'><strong>dominum</strong></span> <span class='ocrx_word' id='word_1_4' title='bbox 404 608 547 668; x_wconf 73' lang='lat' dir='ltr'><strong>constanti</strong></span> <span class='ocrx_word' id='word_1_5' title='bbox 562 608 658 667; x_wconf 84' lang='lat' dir='ltr'><strong>anime</strong></span> <span class='ocrx_word' id='word_1_6' title='bbox 674 605 818 668; x_wconf 86' lang='lat' dir='ltr'><strong>confessus</strong></span> <span class='ocrx_word' id='word_1_7' title='bbox 834 607 881 680; x_wconf 88' lang='lat' dir='ltr'><strong>sit,</strong></span> <span class='ocrx_word' id='word_1_8' title='bbox 897 607 1010 680; x_wconf 78' lang='lat' dir='ltr'><strong>quinat</strong></span> <span class='ocrx_word' id='word_1_9' title='bbox 1021 603 1149 680; x_wconf 75' lang='lat' dir='ltr'><strong>emcjdgi</strong></span> <span class='ocrx_word' id='word_1_10' title='bbox 1163 605 1262 680; x_wconf 83' lang='lat' dir='ltr'><strong>soluit,</strong></span> <span class='ocrx_word' id='word_1_11' title='bbox 1278 602 1352 666; x_wconf 85' lang='lat' dir='ltr'><strong>facie</strong></span> <span class='ocrx_word' id='word_1_12' title='bbox 1367 606 1407 666; x_wconf 89' lang='lat' dir='ltr'><strong>ad</strong></span> 
     </span>
     <span class='ocr_line' id='line_1_3' title="bbox 231 708 1407 785; baseline -0.003 -12"><span class='ocrx_word' id='word_1_13' title='bbox 231 719 340 774; x_wconf 82' lang='lat' dir='ltr'><strong>temam</strong></span> <span class='ocrx_word' id='word_1_14' title='bbox 357 730 440 773; x_wconf 83' lang='lat' dir='ltr'><strong>verse</strong></span> <span class='ocrx_word' id='word_1_15' title='bbox 455 719 508 772; x_wconf 89' lang='lat' dir='ltr'><strong>etc.</strong></span> <span class='ocrx_word' id='word_1_16' title='bbox 533 712 673 785; x_wconf 79' lang='lat' dir='ltr'><strong>Quodque</strong></span> <span class='ocrx_word' id='word_1_17' title='bbox 688 710 797 784; x_wconf 83' lang='lat' dir='ltr'><strong>absque</strong></span> <span class='ocrx_word' id='word_1_18' title='bbox 819 712 864 769; x_wconf 87' lang='lat' dir='ltr'><strong>his</strong></span> <span class='ocrx_word' id='word_1_19' title='bbox 885 711 984 784; x_wconf 87' lang='lat' dir='ltr'><strong>donis,</strong></span> <span class='ocrx_word' id='word_1_20' title='bbox 1010 727 1075 784; x_wconf 86' lang='lat' dir='ltr'><strong>quse</strong></span> <span class='ocrx_word' id='word_1_21' title='bbox 1091 710 1221 772; x_wconf 77' lang='lat' dir='ltr'><strong>Christus</strong></span> <span class='ocrx_word' id='word_1_22' title='bbox 1242 708 1407 771; x_wconf 88' lang='lat' dir='ltr'><strong>hominibus</strong></span> 
     </span>
     <span class='ocr_line' id='line_1_4' title="bbox 231 815 1407 894; baseline -0.003 -15"><span class='ocrx_word' id='word_1_23' title='bbox 231 821 325 894; x_wconf 84' lang='lat' dir='ltr'><strong>dedit,</strong></span> <span class='ocrx_word' id='word_1_24' title='bbox 350 819 421 879; x_wconf 88' lang='lat' dir='ltr'><strong>nihil</strong></span> <span class='ocrx_word' id='word_1_25' title='bbox 436 824 600 892; x_wconf 76' lang='lat' dir='ltr'><strong>possemus,</strong></span> <span class='ocrx_word' id='word_1_26' title='bbox 626 817 754 889; x_wconf 81' lang='lat' dir='ltr'><strong>allegans</strong></span> <span class='ocrx_word' id='word_1_27' title='bbox 778 817 918 888; x_wconf 86' lang='lat' dir='ltr'><strong>psalmum</strong></span> <span class='ocrx_word' id='word_1_28' title='bbox 935 819 1005 890; x_wconf 82' lang='lat'><strong>68,·-</strong></span> <span class='ocrx_word' id='word_1_29' title='bbox 1015 817 1106 876; x_wconf 90' lang='lat' dir='ltr'><strong>multa</strong></span> <span class='ocrx_word' id='word_1_30' title='bbox 1121 815 1260 890; x_wconf 82' lang='lat' dir='ltr'><strong>ejusmodi</strong></span> <span class='ocrx_word' id='word_1_31' title='bbox 1275 817 1361 876; x_wconf 86' lang='lat' dir='ltr'><strong>docte</strong></span> <span class='ocrx_word' id='word_1_32' title='bbox 1377 822 1407 876; x_wconf 86' lang='lat' dir='ltr'><strong>et</strong></span> 
     </span>
     <span class='ocr_line' id='line_1_5' title="bbox 229 920 1405 999; baseline -0.001 -17"><span class='ocrx_word' id='word_1_33' title='bbox 229 925 385 983; x_wconf 85' lang='lat' dir='ltr'><strong>christiana</strong></span> <span class='ocrx_word' id='word_1_34' title='bbox 399 923 581 997; x_wconf 76' lang='lat' dir='ltr'><strong>simplicitate</strong></span> <span class='ocrx_word' id='word_1_35' title='bbox 594 921 707 980; x_wconf 91' lang='lat' dir='ltr'><strong>docens.</strong></span> <span class='ocrx_word' id='word_1_36' title='bbox 732 921 805 978; x_wconf 86' lang='lat' dir='ltr'><strong>Nem</strong></span> <span class='ocrx_word' id='word_1_37' title='bbox 821 926 927 996; x_wconf 74' lang='lat' dir='ltr'><strong>prater</strong></span> <span class='ocrx_word' id='word_1_38' title='bbox 939 923 1019 999; x_wconf 88' lang='lat' dir='ltr'><strong>(raro</strong></span> <span class='ocrx_word' id='word_1_39' title='bbox 1034 922 1100 980; x_wconf 89' lang='lat' dir='ltr'><strong>huic</strong></span> <span class='ocrx_word' id='word_1_40' title='bbox 1115 921 1246 981; x_wconf 86' lang='lat' dir='ltr'><strong>concioni</strong></span> <span class='ocrx_word' id='word_1_41' title='bbox 1260 920 1405 997; x_wconf 81' lang='lat' dir='ltr'><strong>interfuit)</strong></span> 
     </span>
     <span class='ocr_line' id='line_1_6' title="bbox 229 1007 1203 1088; baseline -0.004 -1"><span class='ocrx_word' id='word_1_42' title='bbox 229 1029 304 1088; x_wconf 85' lang='lat' dir='ltr'><strong>cives</strong></span> <span class='ocrx_word' id='word_1_43' title='bbox 319 1029 419 1087; x_wconf 90' lang='lat' dir='ltr'><strong>domus</strong></span> <span class='ocrx_word' id='word_1_44' title='bbox 436 1026 568 1086; x_wconf 73' lang='lat' dir='ltr'><strong>familias.</strong></span> <span class='ocrx_word' id='word_1_45' title='bbox 623 1059 628 1066; x_wconf 85' lang='lat'>·</span> <span class='ocrx_word' id='word_1_46' title='bbox 705 1023 708 1027; x_wconf 81' lang='grc'><strong>’</strong></span> <span class='ocrx_word' id='word_1_47' title='bbox 1201 1007 1203 1010; x_wconf 42' lang='grc'>’</span> 
     </span>
    </p>

    <p class='ocr_par' dir='ltr' id='par_1_3' title="bbox 228 1129 1406 1929">
     <span class='ocr_line' id='line_1_7' title="bbox 318 1129 1352 1218; baseline -0.003 -26"><span class='ocrx_word' id='word_1_48' title='bbox 318 1133 389 1192; x_wconf 87' lang='lat' dir='ltr'><strong>Cum</strong></span> <span class='ocrx_word' id='word_1_49' title='bbox 405 1132 522 1191; x_wconf 92' lang='lat' dir='ltr'><strong>Liborio</strong></span> <span class='ocrx_word' id='word_1_50' title='bbox 537 1130 607 1189; x_wconf 89' lang='lat' dir='ltr'><strong>nihil</strong></span> <span class='ocrx_word' id='word_1_51' title='bbox 620 1131 658 1190; x_wconf 92' lang='lat' dir='ltr'><strong>de</strong></span> <span class='ocrx_word' id='word_1_52' title='bbox 674 1133 754 1218; x_wconf 85' lang='lat' dir='ltr'><strong>equis</strong></span> <span class='ocrx_word' id='word_1_53' title='bbox 770 1129 951 1190; x_wconf 85' lang='lat' dir='ltr'><strong>remittendis</strong></span> <span class='ocrx_word' id='word_1_54' title='bbox 966 1131 1013 1204; x_wconf 83' lang='lat' dir='ltr'><strong>agi</strong></span> <span class='ocrx_word' id='word_1_55' title='bbox 1028 1131 1134 1206; x_wconf 83' lang='lat' dir='ltr'><strong>potuit.</strong></span> <span class='ocrx_word' id='word_1_56' title='bbox 1228 1139 1232 1144; x_wconf 87' lang='lat'>&#39;</span> <span class='ocrx_word' id='word_1_57' title='bbox 1347 1129 1352 1136; x_wconf 83' lang='lat'><em>&#39;</em></span> 
     </span>
     <span class='ocr_line' id='line_1_8' title="bbox 247 1235 1405 1323; baseline 0.001 -27"><span class='ocrx_word' id='word_1_58' title='bbox 247 1261 250 1268; x_wconf 60' lang='lat'><strong><em>¹</em></strong></span> <span class='ocrx_word' id='word_1_59' title='bbox 317 1237 428 1297; x_wconf 82' lang='lat' dir='ltr'><strong>Eadem</strong></span> <span class='ocrx_word' id='word_1_60' title='bbox 450 1237 594 1308; x_wconf 83' lang='lat' dir='ltr'><strong>sollicitet</strong></span> <span class='ocrx_word' id='word_1_61' title='bbox 574 1242 614 1296; x_wconf 90' lang='grc' dir='ltr'><strong>ιιι</strong></span> <span class='ocrx_word' id='word_1_62' title='bbox 637 1237 714 1309; x_wconf 86' lang='lat' dir='ltr'><strong>apud</strong></span> <span class='ocrx_word' id='word_1_63' title='bbox 729 1237 851 1296; x_wconf 77' lang='lat' dir='ltr'><strong>Atrebas</strong></span> <span class='ocrx_word' id='word_1_64' title='bbox 839 1241 950 1323; x_wconf 78' lang='lat' dir='ltr'><strong>tensam</strong></span> <span class='ocrx_word' id='word_1_65' title='bbox 970 1235 1148 1310; x_wconf 89' lang='lat' dir='ltr'><strong>intermisse,</strong></span> <span class='ocrx_word' id='word_1_66' title='bbox 1173 1248 1226 1294; x_wconf 89' lang='lat' dir='ltr'><strong>uec</strong></span> <span class='ocrx_word' id='word_1_67' title='bbox 1241 1235 1405 1297; x_wconf 75' lang='lat' dir='ltr'><strong>Nassarius</strong></span> 
     </span>
     <span class='ocr_line' id='line_1_9' title="bbox 229 1340 1406 1415; baseline -0.002 -11"><span class='ocrx_word' id='word_1_68' title='bbox 229 1351 296 1404; x_wconf 88' lang='lat' dir='ltr'><strong>ante</strong></span> <span class='ocrx_word' id='word_1_69' title='bbox 311 1343 459 1402; x_wconf 82' lang='lat' dir='ltr'><strong>meridiem</strong></span> <span class='ocrx_word' id='word_1_70' title='bbox 474 1342 620 1400; x_wconf 89' lang='lat' dir='ltr'><strong>conveniri</strong></span> <span class='ocrx_word' id='word_1_71' title='bbox 636 1347 688 1414; x_wconf 88' lang='lat' dir='ltr'><strong>pot</strong></span> <span class='ocrx_word' id='word_1_72' title='bbox 690 1343 732 1399; x_wconf 90' lang='lat' dir='ltr'><strong>uit</strong></span> <span class='ocrx_word' id='word_1_73' title='bbox 742 1358 807 1415; x_wconf 91' lang='lat' dir='ltr'><strong>‚eo</strong></span> <span class='ocrx_word' id='word_1_74' title='bbox 828 1340 905 1414; x_wconf 85' lang='lat' dir='ltr'><strong>quod</strong></span> <span class='ocrx_word' id='word_1_75' title='bbox 926 1341 1156 1415; x_wconf 82' lang='lat' dir='ltr'><strong>archiepiscopus</strong></span> <span class='ocrx_word' id='word_1_76' title='bbox 1177 1341 1354 1402; x_wconf 74' lang='lat' dir='ltr'><strong>coloniensis</strong></span> <span class='ocrx_word' id='word_1_77' title='bbox 1375 1349 1406 1402; x_wconf 92' lang='lat' dir='ltr'><strong>et</strong></span> 
     </span>
     <span class='ocr_line' id='line_1_10' title="bbox 228 1435 1404 1523; baseline -0.001 -16"><span class='ocrx_word' id='word_1_78' title='bbox 228 1451 290 1523; x_wconf 90' lang='lat' dir='ltr'><strong>ipso</strong></span> <span class='ocrx_word' id='word_1_79' title='bbox 306 1447 349 1506; x_wconf 89' lang='lat' dir='ltr'><strong>de</strong></span> <span class='ocrx_word' id='word_1_80' title='bbox 374 1445 556 1506; x_wconf 83' lang='lat' dir='ltr'><strong>resarcienda</strong></span> <span class='ocrx_word' id='word_1_81' title='bbox 580 1447 733 1506; x_wconf 86' lang='lat' dir='ltr'><strong>concordie</strong></span> <span class='ocrx_word' id='word_1_82' title='bbox 753 1443 878 1505; x_wconf 88' lang='lat' dir='ltr'><strong>liliorum</strong></span> <span class='ocrx_word' id='word_1_83' title='bbox 893 1447 943 1506; x_wconf 83' lang='lat' dir='ltr'><strong>Ott</strong></span> <span class='ocrx_word' id='word_1_84' title='bbox 943 1447 1032 1509; x_wconf 76' lang='lat' dir='ltr'><strong>lionis</strong></span> <span class='ocrx_word' id='word_1_85' title='bbox 1051 1447 1086 1505; x_wconf 90' lang='lat' dir='ltr'><strong>de</strong></span> <span class='ocrx_word' id='word_1_86' title='bbox 1105 1435 1253 1522; x_wconf 84' lang='lat' dir='ltr'><strong>Rethberg</strong></span> <span class='ocrx_word' id='word_1_87' title='bbox 1273 1453 1404 1521; x_wconf 77' lang='lat' dir='ltr'><strong>agerem.</strong></span> 
     </span>
     <span class='ocr_line' id='line_1_11' title="bbox 229 1543 1405 1634; baseline 0.002 -24"><span class='ocrx_word' id='word_1_88' title='bbox 229 1553 346 1610; x_wconf 90' lang='lat' dir='ltr'><strong>Otthoni</strong></span> <span class='ocrx_word' id='word_1_89' title='bbox 362 1555 456 1609; x_wconf 87' lang='lat' dir='ltr'><strong>autem</strong></span> <span class='ocrx_word' id='word_1_90' title='bbox 473 1551 530 1620; x_wconf 79' lang='lat' dir='ltr'><strong>duo</strong></span> <span class='ocrx_word' id='word_1_91' title='bbox 544 1557 697 1624; x_wconf 84' lang='lat' dir='ltr'><strong>supersunt</strong></span> <span class='ocrx_word' id='word_1_92' title='bbox 710 1550 771 1625; x_wconf 84' lang='lat' dir='ltr'><strong>lilii,</strong></span> <span class='ocrx_word' id='word_1_93' title='bbox 794 1557 869 1613; x_wconf 86' lang='lat' dir='ltr'><strong>netu</strong></span> <span class='ocrx_word' id='word_1_94' title='bbox 880 1543 972 1626; x_wconf 81' lang='lat' dir='ltr'><strong>rnajer</strong></span> <span class='ocrx_word' id='word_1_95' title='bbox 988 1550 1075 1610; x_wconf 89' lang='lat' dir='ltr'><strong>Ottho</strong></span> <span class='ocrx_word' id='word_1_96' title='bbox 1091 1555 1120 1609; x_wconf 89' lang='lat' dir='ltr'><strong>et</strong></span> <span class='ocrx_word' id='word_1_97' title='bbox 1135 1543 1198 1626; x_wconf 84' lang='lat' dir='ltr'><strong>ipse</strong></span> <span class='ocrx_word' id='word_1_98' title='bbox 1212 1554 1337 1634; x_wconf 79' lang='lat' dir='ltr'><strong>nomine,</strong></span> <span class='ocrx_word' id='word_1_99' title='bbox 1353 1570 1405 1612; x_wconf 89' lang='lat' dir='ltr'><strong>ne·</strong></span> 
     </span>
     <span class='ocr_line' id='line_1_12' title="bbox 229 1654 1403 1730; baseline 0.001 -14"><span class='ocrx_word' id='word_1_100' title='bbox 229 1663 275 1716; x_wconf 88' lang='lat' dir='ltr'><strong>tus</strong></span> <span class='ocrx_word' id='word_1_101' title='bbox 296 1661 388 1716; x_wconf 87' lang='lat' dir='ltr'><strong>matre</strong></span> <span class='ocrx_word' id='word_1_102' title='bbox 416 1672 431 1713; x_wconf 91' lang='lat' dir='ltr'><strong>e</strong></span> <span class='ocrx_word' id='word_1_103' title='bbox 452 1657 542 1730; x_wconf 90' lang='lat' dir='ltr'><strong>stirpe</strong></span> <span class='ocrx_word' id='word_1_104' title='bbox 563 1657 710 1714; x_wconf 90' lang='lat' dir='ltr'><strong>comitum</strong></span> <span class='ocrx_word' id='word_1_105' title='bbox 717 1658 753 1715; x_wconf 93' lang='lat' dir='ltr'><strong>de</strong></span> <span class='ocrx_word' id='word_1_106' title='bbox 778 1656 870 1730; x_wconf 81' lang='lat' dir='ltr'><strong>Se‘yn,</strong></span> <span class='ocrx_word' id='word_1_107' title='bbox 895 1661 925 1714; x_wconf 90' lang='lat' dir='ltr'><strong>et</strong></span> <span class='ocrx_word' id='word_1_108' title='bbox 941 1657 1070 1715; x_wconf 78' lang='lat' dir='ltr'><strong>loannes</strong></span> <span class='ocrx_word' id='word_1_109' title='bbox 1090 1654 1165 1718; x_wconf 90' lang='lat' dir='ltr'><strong>filius</strong></span> <span class='ocrx_word' id='word_1_110' title='bbox 1186 1657 1292 1716; x_wconf 88' lang='lat' dir='ltr'><strong>sororis</strong></span> <span class='ocrx_word' id='word_1_111' title='bbox 1312 1657 1403 1717; x_wconf 86' lang='lat' dir='ltr'><strong>doud-</strong></span> 
     </span>
     <span class='ocr_line' id='line_1_13' title="bbox 229 1740 1405 1836; baseline 0.002 -16"><span class='ocrx_word' id='word_1_112' title='bbox 229 1777 330 1820; x_wconf 90' lang='lat' dir='ltr'><strong>norum</strong></span> <span class='ocrx_word' id='word_1_113' title='bbox 345 1761 519 1833; x_wconf 82' lang='lat' dir='ltr'><strong>Frisiorum</strong></span> <span class='ocrx_word' id='word_1_114' title='bbox 543 1777 614 1833; x_wconf 88' lang='lat' dir='ltr'><strong>quos</strong></span> <span class='ocrx_word' id='word_1_115' title='bbox 629 1759 757 1819; x_wconf 85' lang='lat' dir='ltr'><strong>Juncker</strong></span> <span class='ocrx_word' id='word_1_116' title='bbox 774 1761 916 1820; x_wconf 88' lang='lat' dir='ltr'><strong>Omekens</strong></span> <span class='ocrx_word' id='word_1_117' title='bbox 932 1777 1012 1820; x_wconf 88' lang='lat' dir='ltr'><strong>soene</strong></span> <span class='ocrx_word' id='word_1_118' title='bbox 1029 1744 1187 1836; x_wconf 75' lang='lat' dir='ltr'><strong>Uesperum</strong></span> <span class='ocrx_word' id='word_1_119' title='bbox 1201 1740 1405 1822; x_wconf 88' lang='lat' dir='ltr'><strong>Belthasarum</strong></span> 
     </span>
     <span class='ocr_line' id='line_1_14' title="bbox 228 1865 1346 1946; baseline -0.004 -20"><span class='ocrx_word' id='word_1_120' title='bbox 228 1871 258 1926; x_wconf 84' lang='lat' dir='ltr'><strong>et</strong></span> <span class='ocrx_word' id='word_1_121' title='bbox 273 1865 415 1925; x_wconf 83' lang='lat' dir='ltr'><strong>Simonem</strong></span> <span class='ocrx_word' id='word_1_122' title='bbox 434 1865 590 1946; x_wconf 82' lang='lat' dir='ltr'><strong>nominent.</strong></span> <span class='ocrx_word' id='word_1_123' title='bbox 707 1869 709 1876; x_wconf 89' lang='lat'>&#39;</span> <span class='ocrx_word' id='word_1_124' title='bbox 1343 1883 1346 1888; x_wconf 95' lang='lat'>·</span> 
     </span>
    </p>

    <p class='ocr_par' dir='ltr' id='par_1_4' title="bbox 317 1969 1403 2068">
     <span class='ocr_line' id='line_1_15' title="bbox 317 1969 1403 2068; baseline 0 -38"><span class='ocrx_word' id='word_1_125' title='bbox 317 1971 422 2032; x_wconf 88' lang='lat' dir='ltr'><strong>Petrus</strong></span> <span class='ocrx_word' id='word_1_126' title='bbox 445 1971 607 2030; x_wconf 82' lang='lat' dir='ltr'><strong>eDens&#39;tad</strong></span> <span class='ocrx_word' id='word_1_127' title='bbox 629 1969 736 2030; x_wconf 83' lang='lat' dir='ltr'><strong>Joauni</strong></span> <span class='ocrx_word' id='word_1_128' title='bbox 757 1969 905 2029; x_wconf 89' lang='lat' dir='ltr'><strong>Friderico</strong></span> <span class='ocrx_word' id='word_1_129' title='bbox 920 1971 994 2029; x_wconf 89' lang='lat' dir='ltr'><strong>duci</strong></span> <span class='ocrx_word' id='word_1_130' title='bbox 1015 1971 1130 2060; x_wconf 79' lang='lat' dir='ltr'><strong>electori</strong></span> <span class='ocrx_word' id='word_1_131' title='bbox 1152 1977 1205 2068; x_wconf 84' lang='lat' dir='ltr'><strong>ete.</strong></span> <span class='ocrx_word' id='word_1_132' title='bbox 1229 1971 1282 2031; x_wconf 86' lang='lat' dir='ltr'><strong>lric</strong></span> <span class='ocrx_word' id='word_1_133' title='bbox 1298 1985 1403 2030; x_wconf 85' lang='lat' dir='ltr'><strong>aerum·</strong></span> 
     </span>
    </p>
   </div>
   <div class='ocr_carea' id='block_1_3' title="bbox 226 2053 1403 2580">
    <p class='ocr_par' dir='ltr' id='par_1_5' title="bbox 227 2053 997 2148">
     <span class='ocr_line' id='line_1_16' title="bbox 227 2053 997 2148; baseline -0.007 -10"><span class='ocrx_word' id='word_1_134' title='bbox 227 2093 329 2139; x_wconf 86' lang='lat' dir='ltr'><strong>uerum</strong></span> <span class='ocrx_word' id='word_1_135' title='bbox 345 2093 461 2136; x_wconf 89' lang='lat' dir='ltr'><strong>suarum</strong></span> <span class='ocrx_word' id='word_1_136' title='bbox 477 2078 573 2136; x_wconf 85' lang='lat' dir='ltr'><strong>socius</strong></span> <span class='ocrx_word' id='word_1_137' title='bbox 581 2083 615 2135; x_wconf 89' lang='lat' dir='ltr'><strong>et</strong></span> <span class='ocrx_word' id='word_1_138' title='bbox 632 2067 785 2148; x_wconf 83' lang='lat' dir='ltr'><strong>edapibus</strong></span> <span class='ocrx_word' id='word_1_139' title='bbox 800 2053 929 2133; x_wconf 85' lang='lat' dir='ltr'><strong>ferendis</strong></span> <span class='ocrx_word' id='word_1_140' title='bbox 944 2081 997 2134; x_wconf 87' lang='lat' dir='ltr'><strong>est.</strong></span> 
     </span>
    </p>

    <p class='ocr_par' dir='ltr' id='par_1_6' title="bbox 226 2179 1403 2580">
     <span class='ocr_line' id='line_1_17' title="bbox 316 2179 1403 2256; baseline 0.001 -14"><span class='ocrx_word' id='word_1_141' title='bbox 316 2183 434 2255; x_wconf 86' lang='lat' dir='ltr'><strong>Lanius,</strong></span> <span class='ocrx_word' id='word_1_142' title='bbox 451 2198 540 2255; x_wconf 89' lang='lat' dir='ltr'><strong>equo</strong></span> <span class='ocrx_word' id='word_1_143' title='bbox 556 2182 647 2239; x_wconf 86' lang='grc' dir='ltr'><strong>ιιοιιιι</strong></span> <span class='ocrx_word' id='word_1_144' title='bbox 662 2197 762 2240; x_wconf 88' lang='lat' dir='ltr'><strong>cernes</strong></span> <span class='ocrx_word' id='word_1_145' title='bbox 779 2179 941 2239; x_wconf 86' lang='lat' dir='ltr'><strong>esculentas</strong></span> <span class='ocrx_word' id='word_1_146' title='bbox 952 2181 1167 2256; x_wconf 84' lang='lat' dir='ltr'><strong>comparebant,</strong></span> <span class='ocrx_word' id='word_1_147' title='bbox 1184 2183 1339 2255; x_wconf 81' lang='lat' dir='ltr'><strong>scriptum</strong></span> <span class='ocrx_word' id='word_1_148' title='bbox 1352 2199 1403 2243; x_wconf 89' lang='grc' dir='ltr'><strong>ιο-</strong></span> 
     </span>
     <span class='ocr_line' id='line_1_18' title="bbox 227 2283 1403 2366; baseline 0 -20"><span class='ocrx_word' id='word_1_149' title='bbox 227 2287 331 2347; x_wconf 87' lang='lat' dir='ltr'><strong>cabant</strong></span> <span class='ocrx_word' id='word_1_150' title='bbox 318 2287 571 2360; x_wconf 86' lang='lat' dir='ltr'><strong>tsuppllcetionis</strong></span> <span class='ocrx_word' id='word_1_151' title='bbox 595 2287 713 2344; x_wconf 85' lang='lat' dir='ltr'><strong>comites</strong></span> <span class='ocrx_word' id='word_1_152' title='bbox 728 2303 746 2344; x_wconf 90' lang='lat' dir='ltr'><strong>a</strong></span> <span class='ocrx_word' id='word_1_153' title='bbox 761 2284 902 2343; x_wconf 89' lang='lat' dir='ltr'><strong>Weldeck</strong></span> <span class='ocrx_word' id='word_1_154' title='bbox 925 2287 1050 2359; x_wconf 80' lang='lat' dir='ltr'><strong>rogavit,</strong></span> <span class='ocrx_word' id='word_1_155' title='bbox 1076 2292 1108 2345; x_wconf 87' lang='lat' dir='ltr'><strong>ut</strong></span> <span class='ocrx_word' id='word_1_156' title='bbox 1130 2303 1182 2366; x_wconf 81' lang='lat' dir='ltr'><strong>pro</strong></span> <span class='ocrx_word' id='word_1_157' title='bbox 1197 2283 1403 2363; x_wconf 70' lang='lat' dir='ltr'><strong>tracienses,</strong></span> 
     </span>
     <span class='ocr_line' id='line_1_19' title="bbox 227 2369 1402 2468; baseline 0.003 -18"><span class='ocrx_word' id='word_1_158' title='bbox 227 2393 323 2452; x_wconf 86' lang='lat' dir='ltr'><strong>nescio</strong></span> <span class='ocrx_word' id='word_1_159' title='bbox 339 2391 376 2452; x_wconf 92' lang='lat' dir='ltr'><strong>ob</strong></span> <span class='ocrx_word' id='word_1_160' title='bbox 392 2391 663 2464; x_wconf 85' lang='lat' dir='ltr'><strong>quodcommissem</strong></span> <span class='ocrx_word' id='word_1_161' title='bbox 678 2391 756 2462; x_wconf 88' lang='lat' dir='ltr'><strong>eplrd</strong></span> <span class='ocrx_word' id='word_1_162' title='bbox 772 2369 905 2448; x_wconf 86' lang='lat' dir='ltr'><strong>consules</strong></span> <span class='ocrx_word' id='word_1_163' title='bbox 915 2389 1054 2464; x_wconf 79' lang='lat' dir='ltr'><strong>Augustae</strong></span> <span class='ocrx_word' id='word_1_164' title='bbox 1069 2392 1297 2466; x_wconf 84' lang='lat' dir='ltr'><strong>intercederent;</strong></span> <span class='ocrx_word' id='word_1_165' title='bbox 1313 2411 1402 2468; x_wconf 80' lang='lat' dir='ltr'><strong>nego-</strong></span> 
     </span>
     <span class='ocr_line' id='line_1_20' title="bbox 226 2495 1182 2580; baseline 0 -25"><span class='ocrx_word' id='word_1_166' title='bbox 226 2499 298 2560; x_wconf 86' lang='lat' dir='ltr'><strong>tium</strong></span> <span class='ocrx_word' id='word_1_167' title='bbox 313 2497 368 2554; x_wconf 89' lang='lat' dir='ltr'><strong>hoe</strong></span> <span class='ocrx_word' id='word_1_168' title='bbox 382 2496 489 2554; x_wconf 80' lang='grc' dir='ltr'><strong>ιιοιιιιιιι</strong></span> <span class='ocrx_word' id='word_1_169' title='bbox 503 2495 589 2554; x_wconf 86' lang='lat' dir='ltr'><strong>Halm</strong></span> <span class='ocrx_word' id='word_1_170' title='bbox 606 2499 635 2552; x_wconf 89' lang='lat' dir='ltr'><strong>et</strong></span> <span class='ocrx_word' id='word_1_171' title='bbox 651 2495 736 2554; x_wconf 82' lang='lat' dir='ltr'><strong>Josto</strong></span> <span class='ocrx_word' id='word_1_172' title='bbox 753 2495 939 2555; x_wconf 84' lang='lat' dir='ltr'><strong>Colmechero</strong></span> <span class='ocrx_word' id='word_1_173' title='bbox 956 2496 1114 2568; x_wconf 85' lang='lat' dir='ltr'><strong>injunctum</strong></span> <span class='ocrx_word' id='word_1_174' title='bbox 1130 2501 1182 2580; x_wconf 86' lang='grc' dir='ltr'><strong>ιιι</strong></span> 
     </span>
    </p>
   </div>
   <div class='ocr_carea' id='block_1_4' title="bbox 226 2588 1403 2992">
    <p class='ocr_par' dir='ltr' id='par_1_7' title="bbox 226 2588 1403 2882">
     <span class='ocr_line' id='line_1_21' title="bbox 316 2588 1403 2678; baseline 0 -16"><span class='ocrx_word' id='word_1_175' title='bbox 316 2603 455 2662; x_wconf 90' lang='lat' dir='ltr'><strong>Dominus</strong></span> <span class='ocrx_word' id='word_1_176' title='bbox 472 2602 508 2661; x_wconf 91' lang='lat' dir='ltr'><strong>de</strong></span> <span class='ocrx_word' id='word_1_177' title='bbox 523 2600 653 2660; x_wconf 89' lang='lat' dir='ltr'><strong>Brebaut</strong></span> <span class='ocrx_word' id='word_1_178' title='bbox 641 2606 707 2660; x_wconf 89' lang='lat' dir='ltr'><strong>tzon</strong></span> <span class='ocrx_word' id='word_1_179' title='bbox 729 2601 791 2658; x_wconf 90' lang='lat' dir='ltr'><strong>heri</strong></span> <span class='ocrx_word' id='word_1_180' title='bbox 807 2615 855 2658; x_wconf 89' lang='lat' dir='ltr'><strong>ex</strong></span> <span class='ocrx_word' id='word_1_181' title='bbox 850 2588 1025 2659; x_wconf 87' lang='lat' dir='ltr'><strong>Brebantia</strong></span> <span class='ocrx_word' id='word_1_182' title='bbox 1043 2599 1192 2660; x_wconf 83' lang='lat' dir='ltr'><strong>advenisse</strong></span> <span class='ocrx_word' id='word_1_183' title='bbox 1211 2591 1329 2676; x_wconf 73' lang='grc' dir='ltr'><strong>ιιιιιιιιι,</strong></span> <span class='ocrx_word' id='word_1_184' title='bbox 1353 2605 1403 2678; x_wconf 85' lang='lat' dir='ltr'><strong>qui</strong></span> 
     </span>
     <span class='ocr_line' id='line_1_22' title="bbox 227 2703 1403 2816; baseline 0.001 -50"><span class='ocrx_word' id='word_1_185' title='bbox 227 2709 305 2777; x_wconf 87' lang='lat' dir='ltr'><strong>intra</strong></span> <span class='ocrx_word' id='word_1_186' title='bbox 322 2709 447 2781; x_wconf 87' lang='lat' dir='ltr'><strong>quinque</strong></span> <span class='ocrx_word' id='word_1_187' title='bbox 462 2706 523 2765; x_wconf 86' lang='lat' dir='ltr'><strong>di&#39;es</strong></span> <span class='ocrx_word' id='word_1_188' title='bbox 539 2723 556 2766; x_wconf 94' lang='lat' dir='ltr'><strong>a</strong></span> <span class='ocrx_word' id='word_1_189' title='bbox 571 2706 703 2766; x_wconf 88' lang='lat' dir='ltr'><strong>Brusella</strong></span> <span class='ocrx_word' id='word_1_190' title='bbox 715 2705 883 2765; x_wconf 81' lang='lat' dir='ltr'><strong>Brabantiec</strong></span> <span class='ocrx_word' id='word_1_191' title='bbox 895 2703 1053 2816; x_wconf 79' lang='lat' dir='ltr'><strong>Augustam</strong></span> <span class='ocrx_word' id='word_1_192' title='bbox 1068 2705 1252 2778; x_wconf 82' lang='lat' dir='ltr'><strong>adequitasse</strong></span> <span class='ocrx_word' id='word_1_193' title='bbox 1265 2706 1403 2768; x_wconf 84' lang='lat' dir='ltr'><strong>creditur.</strong></span> 
     </span>
     <span class='ocr_line' id='line_1_23' title="bbox 226 2804 1311 2902; baseline -0.003 -32"><span class='ocrx_word' id='word_1_194' title='bbox 226 2811 334 2902; x_wconf 86' lang='lat' dir='ltr'><strong>Eadem</strong></span> <span class='ocrx_word' id='word_1_195' title='bbox 346 2811 469 2872; x_wconf 81' lang='lat' dir='ltr'><strong>¹·Oerolus</strong></span> <span class='ocrx_word' id='word_1_196' title='bbox 485 2829 502 2871; x_wconf 89' lang='lat' dir='ltr'><strong>a</strong></span> <span class='ocrx_word' id='word_1_197' title='bbox 519 2811 643 2899; x_wconf 75' lang='lat' dir='ltr'><strong>Stoclren</strong></span> <span class='ocrx_word' id='word_1_198' title='bbox 658 2811 804 2869; x_wconf 89' lang='lat' dir='ltr'><strong>nobiscum</strong></span> <span class='ocrx_word' id='word_1_199' title='bbox 819 2827 943 2882; x_wconf 86' lang='lat' dir='ltr'><strong>prensus</strong></span> <span class='ocrx_word' id='word_1_200' title='bbox 958 2804 1011 2869; x_wconf 86' lang='grc' dir='ltr'><strong>ιιι.</strong></span> <span class='ocrx_word' id='word_1_201' title='bbox 1309 2825 1311 2832; x_wconf 73' lang='grc'><em>’</em></span> 
     </span>
    </p>

    <p class='ocr_par' dir='ltr' id='par_1_8' title="bbox 315 2914 1402 2992">
     <span class='ocr_line' id='line_1_24' title="bbox 315 2914 1402 2992; baseline -0.001 -15"><span class='ocrx_word' id='word_1_202' title='bbox 315 2917 338 2976; x_wconf 92' lang='grc' dir='ltr'><strong>Ο</strong></span> <span class='ocrx_word' id='word_1_203' title='bbox 357 2917 469 2977; x_wconf 89' lang='lat' dir='ltr'><strong>domine</strong></span> <span class='ocrx_word' id='word_1_204' title='bbox 485 2918 564 2992; x_wconf 83' lang='lat' dir='ltr'><strong>Jesu,</strong></span> <span class='ocrx_word' id='word_1_205' title='bbox 582 2916 649 2990; x_wconf 89' lang='lat' dir='ltr'><strong>quia</strong></span> <span class='ocrx_word' id='word_1_206' title='bbox 664 2917 796 2974; x_wconf 85' lang='lat' dir='ltr'><strong>immotus¹</strong></span> <span class='ocrx_word' id='word_1_207' title='bbox 812 2930 905 2973; x_wconf 88' lang='lat' dir='ltr'><strong>sermo</strong></span> <span class='ocrx_word' id='word_1_208' title='bbox 922 2917 984 2974; x_wconf 84' lang='lat' dir='ltr'><strong>ueri</strong></span> <span class='ocrx_word' id='word_1_209' title='bbox 984 2917 1052 2976; x_wconf 85' lang='lat' dir='ltr'><strong>tetis</strong></span> <span class='ocrx_word' id='word_1_210' title='bbox 1068 2923 1125 2976; x_wconf 87' lang='lat' dir='ltr'><strong>tuse</strong></span> <span class='ocrx_word' id='word_1_211' title='bbox 1141 2923 1306 2991; x_wconf 77' lang='lat' dir='ltr'><strong>permanat,¹</strong></span> <span class='ocrx_word' id='word_1_212' title='bbox 1317 2914 1402 2990; x_wconf 88' lang='lat' dir='ltr'><strong>quem</strong></span> 
     </span>
    </p>
   </div>
   <div class='ocr_carea' id='block_1_5' title="bbox 226 3019 1522 3098">
    <p class='ocr_par' dir='ltr' id='par_1_9' title="bbox 226 3019 1522 3098">
     <span class='ocr_line' id='line_1_25' title="bbox 226 3019 1522 3098; baseline -0.001 -15"><span class='ocrx_word' id='word_1_213' title='bbox 226 3022 372 3098; x_wconf 85' lang='lat' dir='ltr'><strong>discipulis</strong></span> <span class='ocrx_word' id='word_1_214' title='bbox 388 3025 444 3082; x_wconf 89' lang='lat' dir='ltr'><strong>tuis</strong></span> <span class='ocrx_word' id='word_1_215' title='bbox 461 3024 571 3082; x_wconf 90' lang='lat' dir='ltr'><strong>locutus</strong></span> <span class='ocrx_word' id='word_1_216' title='bbox 587 3039 632 3096; x_wconf 89' lang='lat' dir='ltr'><strong>es,</strong></span> <span class='ocrx_word' id='word_1_217' title='bbox 648 3023 761 3082; x_wconf 87' lang='lat' dir='ltr'><strong>dicens:</strong></span> <span class='ocrx_word' id='word_1_218' title='bbox 785 3019 872 3079; x_wconf 81' lang='lat' dir='ltr'><strong>«Sine</strong></span> <span class='ocrx_word' id='word_1_219' title='bbox 887 3035 933 3079; x_wconf 88' lang='lat' dir='ltr'><strong>me</strong></span> <span class='ocrx_word' id='word_1_220' title='bbox 948 3021 1018 3080; x_wconf 84' lang='lat' dir='ltr'><strong>nihil</strong></span> <span class='ocrx_word' id='word_1_221' title='bbox 1033 3019 1152 3094; x_wconf 80' lang='lat' dir='ltr'><strong>potestis</strong></span> <span class='ocrx_word' id='word_1_222' title='bbox 1167 3020 1293 3096; x_wconf 66' lang='lat' dir='ltr'><strong>fecere»</strong></span> <span class='ocrx_word' id='word_1_223' title='bbox 1276 3039 1402 3096; x_wconf 82' lang='lat' dir='ltr'><strong>»quere</strong></span> <span class='ocrx_word' id='word_1_224' title='bbox 1521 3023 1522 3026; x_wconf 71' lang='grc'>’</span> 
     </span>
    </p>
   </div>
   <div class='ocr_carea' id='block_1_6' title="bbox 210 3115 1402 3952">
    <p class='ocr_par' dir='ltr' id='par_1_10' title="bbox 210 3115 1402 3952">
     <span class='ocr_line' id='line_1_26' title="bbox 223 3115 1402 3202; baseline 0 -14"><span class='ocrx_word' id='word_1_225' title='bbox 223 3129 283 3202; x_wconf 90' lang='lat' dir='ltr'><strong>jam</strong></span> <span class='ocrx_word' id='word_1_226' title='bbox 303 3134 363 3192; x_wconf 89' lang='lat' dir='ltr'><strong>tum</strong></span> <span class='ocrx_word' id='word_1_227' title='bbox 383 3131 413 3187; x_wconf 90' lang='grc' dir='ltr'><strong>ιιι</strong></span> <span class='ocrx_word' id='word_1_228' title='bbox 437 3135 532 3187; x_wconf 91' lang='lat' dir='ltr'><strong>monte</strong></span> <span class='ocrx_word' id='word_1_229' title='bbox 553 3129 651 3187; x_wconf 66' lang='lat' dir='ltr'><strong>oliseil</strong></span> <span class='ocrx_word' id='word_1_230' title='bbox 672 3115 766 3186; x_wconf 84' lang='lat' dir='ltr'><strong>coelos</strong></span> <span class='ocrx_word' id='word_1_231' title='bbox 784 3141 953 3184; x_wconf 86' lang='lat' dir='ltr'><strong>ascensurus</strong></span> <span class='ocrx_word' id='word_1_232' title='bbox 977 3122 1012 3186; x_wconf 84' lang='lat' dir='ltr'><strong>ex</strong></span> <span class='ocrx_word' id='word_1_233' title='bbox 1030 3127 1127 3187; x_wconf 88' lang='lat' dir='ltr'><strong>diviua</strong></span> <span class='ocrx_word' id='word_1_234' title='bbox 1146 3116 1199 3188; x_wconf 79' lang='lat' dir='ltr'><strong>tua</strong></span> <span class='ocrx_word' id='word_1_235' title='bbox 1220 3131 1402 3201; x_wconf 82' lang='lat' dir='ltr'><strong>prescientia</strong></span> 
     </span>
     <span class='ocr_line' id='line_1_27' title="bbox 225 3210 1402 3314; baseline 0.002 -24"><span class='ocrx_word' id='word_1_236' title='bbox 225 3249 274 3291; x_wconf 86' lang='lat' dir='ltr'><strong>eos</strong></span> <span class='ocrx_word' id='word_1_237' title='bbox 290 3210 391 3290; x_wconf 82' lang='lat' dir='ltr'><strong>cavere</strong></span> <span class='ocrx_word' id='word_1_238' title='bbox 404 3233 524 3306; x_wconf 77' lang='lat' dir='ltr'><strong>jussisti,</strong></span> <span class='ocrx_word' id='word_1_239' title='bbox 538 3247 577 3293; x_wconf 85' lang='lat' dir='ltr'><strong>ue</strong></span> <span class='ocrx_word' id='word_1_240' title='bbox 591 3232 629 3314; x_wconf 84' lang='lat' dir='ltr'><strong>ab</strong></span> <span class='ocrx_word' id='word_1_241' title='bbox 639 3228 853 3304; x_wconf 82' lang='lat' dir='ltr'><strong>‘Hierosolymis</strong></span> <span class='ocrx_word' id='word_1_242' title='bbox 869 3231 1058 3306; x_wconf 85' lang='lat' dir='ltr'><strong>discederent,</strong></span> <span class='ocrx_word' id='word_1_243' title='bbox 1075 3239 1229 3308; x_wconf 77' lang='lat' dir='ltr'><strong>antequem</strong></span> <span class='ocrx_word' id='word_1_244' title='bbox 1243 3235 1349 3294; x_wconf 87' lang='lat' dir='ltr'><strong>virtute</strong></span> <span class='ocrx_word' id='word_1_245' title='bbox 1365 3251 1402 3294; x_wconf 85' lang='lat' dir='ltr'><strong>ex</strong></span> 
     </span>
     <span class='ocr_line' id='line_1_28' title="bbox 225 3334 1400 3415; baseline 0.003 -19"><span class='ocrx_word' id='word_1_246' title='bbox 225 3339 289 3407; x_wconf 84' lang='lat' dir='ltr'><strong>alto·</strong></span> <span class='ocrx_word' id='word_1_247' title='bbox 306 3337 511 3410; x_wconf 87' lang='lat' dir='ltr'><strong>induerentur,</strong></span> <span class='ocrx_word' id='word_1_248' title='bbox 541 3337 719 3409; x_wconf 79' lang='lat' dir='ltr'><strong>agnoscimus</strong></span> <span class='ocrx_word' id='word_1_249' title='bbox 740 3337 927 3410; x_wconf 77' lang='lat' dir='ltr'><strong>cogitationes</strong></span> <span class='ocrx_word' id='word_1_250' title='bbox 949 3334 1179 3402; x_wconf 79' lang='lat' dir='ltr'><strong>nostras-futiles</strong></span> <span class='ocrx_word' id='word_1_251' title='bbox 1205 3345 1235 3398; x_wconf 87' lang='lat' dir='ltr'><strong>et</strong></span> <span class='ocrx_word' id='word_1_252' title='bbox 1253 3339 1400 3415; x_wconf 85' lang='lat' dir='ltr'><strong>evanidas,</strong></span> 
     </span>
     <span class='ocr_line' id='line_1_29' title="bbox 222 3427 1401 3514; baseline 0.005 -16"><span class='ocrx_word' id='word_1_253' title='bbox 222 3439 369 3498; x_wconf 79' lang='lat' dir='ltr'><strong>&#39;emarcida</strong></span> <span class='ocrx_word' id='word_1_254' title='bbox 389 3445 502 3512; x_wconf 78' lang='lat' dir='ltr'><strong>quoque</strong></span> <span class='ocrx_word' id='word_1_255' title='bbox 524 3446 553 3499; x_wconf 89' lang='lat' dir='ltr'><strong>et</strong></span> <span class='ocrx_word' id='word_1_256' title='bbox 573 3452 637 3514; x_wconf 74' lang='lat' dir='ltr'><strong>quae</strong></span> <span class='ocrx_word' id='word_1_257' title='bbox 659 3441 781 3499; x_wconf 87' lang='lat' dir='ltr'><strong>stultitia</strong></span> <span class='ocrx_word' id='word_1_258' title='bbox 802 3441 934 3499; x_wconf 85' lang='lat' dir='ltr'><strong>liumeuae</strong></span> <span class='ocrx_word' id='word_1_259' title='bbox 960 3427 1094 3501; x_wconf 75' lang='lat' dir='ltr'><strong>versitatis</strong></span> <span class='ocrx_word' id='word_1_260' title='bbox 1119 3441 1201 3502; x_wconf 87' lang='lat' dir='ltr'><strong>nobis</strong></span> <span class='ocrx_word' id='word_1_261' title='bbox 1226 3445 1401 3504; x_wconf 83' lang='lat' dir='ltr'><strong>somniamus</strong></span> 
     </span>
     <span class='ocr_line' id='line_1_30' title="bbox 216 3545 1399 3632; baseline 0.003 -28"><span class='ocrx_word' id='word_1_262' title='bbox 216 3557 322 3632; x_wconf 81' lang='lat' dir='ltr'><strong>opere.</strong></span> <span class='ocrx_word' id='word_1_263' title='bbox 347 3545 389 3604; x_wconf 88' lang='lat' dir='ltr'><strong>Te</strong></span> <span class='ocrx_word' id='word_1_264' title='bbox 403 3546 501 3618; x_wconf 86' lang='lat' dir='ltr'><strong>igitur,</strong></span> <span class='ocrx_word' id='word_1_265' title='bbox 518 3545 664 3632; x_wconf 80' lang='lat' dir='ltr'><strong>mitissime</strong></span> <span class='ocrx_word' id='word_1_266' title='bbox 680 3561 731 3619; x_wconf 85' lang='lat' dir='ltr'><strong>rex</strong></span> <span class='ocrx_word' id='word_1_267' title='bbox 746 3551 775 3604; x_wconf 85' lang='lat' dir='ltr'><strong>et</strong></span> <span class='ocrx_word' id='word_1_268' title='bbox 790 3547 926 3622; x_wconf 80' lang='lat' dir='ltr'><strong>salrator,</strong></span> <span class='ocrx_word' id='word_1_269' title='bbox 946 3547 1005 3619; x_wconf 73' lang='lat' dir='ltr'><strong>jem</strong></span> <span class='ocrx_word' id='word_1_270' title='bbox 1029 3552 1095 3618; x_wconf 89' lang='lat' dir='ltr'><strong>post</strong></span> <span class='ocrx_word' id='word_1_271' title='bbox 1109 3551 1284 3622; x_wconf 85' lang='lat' dir='ltr'><strong>assumptum</strong></span> <span class='ocrx_word' id='word_1_272' title='bbox 1298 3549 1399 3610; x_wconf 89' lang='lat' dir='ltr'><strong>hume·</strong></span> 
     </span>
     <span class='ocr_line' id='line_1_31' title="bbox 210 3648 1402 3728; baseline 0.004 -18"><span class='ocrx_word' id='word_1_273' title='bbox 210 3652 343 3711; x_wconf 75' lang='lat' dir='ltr'><strong>mitatem</strong></span> <span class='ocrx_word' id='word_1_274' title='bbox 364 3651 447 3710; x_wconf 90' lang='lat' dir='ltr'><strong>deum</strong></span> <span class='ocrx_word' id='word_1_275' title='bbox 469 3667 569 3712; x_wconf 86' lang='lat' dir='ltr'><strong>verum</strong></span> <span class='ocrx_word' id='word_1_276' title='bbox 590 3656 620 3711; x_wconf 87' lang='lat' dir='ltr'><strong>et</strong></span> <span class='ocrx_word' id='word_1_277' title='bbox 639 3649 781 3728; x_wconf 84' lang='lat' dir='ltr'><strong>hominem</strong></span> <span class='ocrx_word' id='word_1_278' title='bbox 802 3650 840 3710; x_wconf 77' lang='lat' dir='ltr'><strong>&#39;ad</strong></span> <span class='ocrx_word' id='word_1_279' title='bbox 863 3652 1010 3720; x_wconf 81' lang='lat' dir='ltr'><strong>dexteram</strong></span> <span class='ocrx_word' id='word_1_280' title='bbox 1025 3648 1080 3711; x_wconf 84' lang='lat' dir='ltr'><strong>Dei</strong></span> <span class='ocrx_word' id='word_1_281' title='bbox 1095 3655 1187 3727; x_wconf 88' lang='lat' dir='ltr'><strong>patris</strong></span> <span class='ocrx_word' id='word_1_282' title='bbox 1207 3654 1355 3714; x_wconf 90' lang='lat' dir='ltr'><strong>sedentem</strong></span> <span class='ocrx_word' id='word_1_283' title='bbox 1370 3661 1402 3715; x_wconf 90' lang='lat' dir='ltr'><strong>et</strong></span> 
     </span>
     <span class='ocr_line' id='line_1_32' title="bbox 224 3743 1400 3840; baseline 0.003 -25"><span class='ocrx_word' id='word_1_284' title='bbox 224 3761 393 3830; x_wconf 80' lang='lat' dir='ltr'><strong>regnantem</strong></span> <span class='ocrx_word' id='word_1_285' title='bbox 408 3753 609 3831; x_wconf 81' lang='lat' dir='ltr'><strong>deprecemur,</strong></span> <span class='ocrx_word' id='word_1_286' title='bbox 623 3761 663 3814; x_wconf 69' lang='lat' dir='ltr'><strong>vut</strong></span> <span class='ocrx_word' id='word_1_287' title='bbox 677 3743 844 3830; x_wconf 81' lang='lat' dir='ltr'><strong>spiritutuo</strong></span> <span class='ocrx_word' id='word_1_288' title='bbox 860 3756 934 3815; x_wconf 87' lang='lat' dir='ltr'><strong>bono</strong></span> <span class='ocrx_word' id='word_1_289' title='bbox 950 3756 1032 3834; x_wconf 88' lang='lat' dir='ltr'><strong>uobis</strong></span> <span class='ocrx_word' id='word_1_290' title='bbox 1056 3751 1169 3840; x_wconf 77' lang='lat' dir='ltr'><strong>edessa,</strong></span> <span class='ocrx_word' id='word_1_291' title='bbox 1194 3760 1243 3832; x_wconf 84' lang='lat' dir='ltr'><strong>qui</strong></span> <span class='ocrx_word' id='word_1_292' title='bbox 1258 3749 1400 3833; x_wconf 84' lang='lat' dir='ltr'><strong>nusquam</strong></span> 
     </span>
     <span class='ocr_line' id='line_1_33' title="bbox 214 3855 1397 3952; baseline 0.005 -34"><span class='ocrx_word' id='word_1_293' title='bbox 214 3877 282 3928; x_wconf 76' lang='lat' dir='ltr'><strong>,non</strong></span> <span class='ocrx_word' id='word_1_294' title='bbox 297 3877 337 3934; x_wconf 84' lang='lat' dir='ltr'><strong>es,</strong></span> <span class='ocrx_word' id='word_1_295' title='bbox 362 3861 433 3920; x_wconf 91' lang='lat' dir='ltr'><strong>velis</strong></span> <span class='ocrx_word' id='word_1_296' title='bbox 445 3855 478 3920; x_wconf 86' lang='lat' dir='ltr'><strong>¹et</strong></span> <span class='ocrx_word' id='word_1_297' title='bbox 493 3861 581 3921; x_wconf 87' lang='lat' dir='ltr'><strong>corde</strong></span> <span class='ocrx_word' id='word_1_298' title='bbox 595 3868 695 3922; x_wconf 87' lang='lat' dir='ltr'><strong>nostre</strong></span> <span class='ocrx_word' id='word_1_299' title='bbox 710 3864 816 3921; x_wconf 87' lang='lat' dir='ltr'><strong>virtute</strong></span> <span class='ocrx_word' id='word_1_300' title='bbox 832 3878 867 3920; x_wconf 85' lang='lat' dir='ltr'><strong>ex</strong></span> <span class='ocrx_word' id='word_1_301' title='bbox 882 3861 941 3931; x_wconf 88' lang='lat' dir='ltr'><strong>alto</strong></span> <span class='ocrx_word' id='word_1_302' title='bbox 957 3862 1093 3937; x_wconf 90' lang='lat' dir='ltr'><strong>induere,</strong></span> <span class='ocrx_word' id='word_1_303' title='bbox 1115 3869 1148 3921; x_wconf 87' lang='grc' dir='ltr'><strong>ιιι</strong></span> <span class='ocrx_word' id='word_1_304' title='bbox 1159 3868 1190 3952; x_wconf 87' lang='grc' dir='ltr'><strong>ιι</strong></span> <span class='ocrx_word' id='word_1_305' title='bbox 1207 3863 1294 3938; x_wconf 70' lang='lat' dir='ltr'><strong>diuum</strong></span> <span class='ocrx_word' id='word_1_306' title='bbox 1310 3870 1341 3923; x_wconf 90' lang='lat' dir='ltr'><strong>et</strong></span> <span class='ocrx_word' id='word_1_307' title='bbox 1354 3865 1397 3924; x_wconf 87' lang='lat' dir='ltr'><strong>ia-</strong></span> 
     </span>
    </p>
   </div>
   <div class='ocr_carea' id='block_1_7' title="bbox 139 3967 1399 4049">
    <p class='ocr_par' dir='ltr' id='par_1_11' title="bbox 139 3967 1399 4049">
     <span class='ocr_line' id='line_1_34' title="bbox 139 3967 1399 4049; baseline 0.006 -27"><span class='ocrx_word' id='word_1_308' title='bbox 139 4027 142 4030; x_wconf 67' lang='grc'><strong>,</strong></span> <span class='ocrx_word' id='word_1_309' title='bbox 224 3979 289 4024; x_wconf 90' lang='lat' dir='ltr'><strong>cere</strong></span> <span class='ocrx_word' id='word_1_310' title='bbox 305 3971 335 4024; x_wconf 91' lang='lat' dir='ltr'><strong>et</strong></span> <span class='ocrx_word' id='word_1_311' title='bbox 350 3967 477 4039; x_wconf 78' lang='lat' dir='ltr'><strong>cogitare</strong></span> <span class='ocrx_word' id='word_1_312' title='bbox 493 3969 650 4042; x_wconf 66' lang='lat' dir='ltr'><strong>veleamus</strong></span> <span class='ocrx_word' id='word_1_313' title='bbox 667 3967 754 4041; x_wconf 85' lang='lat' dir='ltr'><strong>idque</strong></span> <span class='ocrx_word' id='word_1_314' title='bbox 769 3984 822 4041; x_wconf 87' lang='lat' dir='ltr'><strong>per</strong></span> <span class='ocrx_word' id='word_1_315' title='bbox 836 3969 981 4026; x_wconf 88' lang='lat' dir='ltr'><strong>tuemmet</strong></span> <span class='ocrx_word' id='word_1_316' title='bbox 973 3985 1064 4049; x_wconf 79' lang='lat' dir='ltr'><strong>ipsam</strong></span> <span class='ocrx_word' id='word_1_317' title='bbox 1079 3969 1190 4028; x_wconf 86' lang='lat' dir='ltr'><strong>bonitat</strong></span> <span class='ocrx_word' id='word_1_318' title='bbox 1177 3973 1234 4028; x_wconf 89' lang='lat' dir='ltr'><strong>tem</strong></span> <span class='ocrx_word' id='word_1_319' title='bbox 1238 3971 1312 4047; x_wconf 85' lang='lat' dir='ltr'><strong>,qui</strong></span> <span class='ocrx_word' id='word_1_320' title='bbox 1325 3972 1399 4030; x_wconf 85' lang='lat' dir='ltr'><strong>vivis</strong></span> 
     </span>
    </p>
   </div>
   <div class='ocr_carea' id='block_1_8' title="bbox 222 4071 1522 4574">
    <p class='ocr_par' dir='ltr' id='par_1_12' title="bbox 222 4071 1522 4574">
     <span class='ocr_line' id='line_1_35' title="bbox 224 4071 1396 4146; baseline 0.005 -18.275"><span class='ocrx_word' id='word_1_321' title='bbox 224 4075 401 4144; x_wconf 79' lang='lat' dir='ltr'><strong>etregnes&#39;</strong></span> <span class='ocrx_word' id='word_1_322' title='bbox 407 4087 469 4128; x_wconf 90' lang='lat' dir='ltr'><strong>oum</strong></span> <span class='ocrx_word' id='word_1_323' title='bbox 496 4071 559 4132; x_wconf 86' lang='lat' dir='ltr'><strong>Deo</strong></span> <span class='ocrx_word' id='word_1_324' title='bbox 583 4079 687 4145; x_wconf 84' lang='lat' dir='ltr'><strong>petre</strong></span> <span class='ocrx_word' id='word_1_325' title='bbox 692 4079 727 4132; x_wconf 90' lang='lat' dir='ltr'><strong>et</strong></span> <span class='ocrx_word' id='word_1_326' title='bbox 745 4089 827 4132; x_wconf 87' lang='lat' dir='ltr'><strong>sacro</strong></span> <span class='ocrx_word' id='word_1_327' title='bbox 854 4079 1009 4146; x_wconf 88' lang='lat' dir='ltr'><strong>pneumate</strong></span> <span class='ocrx_word' id='word_1_328' title='bbox 1033 4073 1103 4132; x_wconf 89' lang='lat' dir='ltr'><strong>deue</strong></span> <span class='ocrx_word' id='word_1_329' title='bbox 1131 4074 1224 4135; x_wconf 88' lang='lat' dir='ltr'><strong>trinus</strong></span> <span class='ocrx_word' id='word_1_330' title='bbox 1248 4081 1292 4134; x_wconf 89' lang='lat' dir='ltr'><strong>est</strong></span> <span class='ocrx_word' id='word_1_331' title='bbox 1314 4091 1396 4134; x_wconf 80' lang='lat' dir='ltr'><strong>unua.</strong></span> 
     </span>
     <span class='ocr_line' id='line_1_36' title="bbox 225 4174 1522 4254; baseline 0.005 -22"><span class='ocrx_word' id='word_1_332' title='bbox 225 4174 337 4233; x_wconf 86' lang='lat' dir='ltr'><strong>Amen</strong></span> <span class='ocrx_word' id='word_1_333' title='bbox 559 4183 562 4189; x_wconf 84' lang='grc'><strong>·</strong></span> <span class='ocrx_word' id='word_1_334' title='bbox 1521 4251 1522 4254; x_wconf 10' lang='lat'>¹</span> 
     </span>
     <span class='ocr_line' id='line_1_37' title="bbox 314 4252 1522 4356; baseline 0.004 -16"><span class='ocrx_word' id='word_1_335' title='bbox 314 4281 453 4353; x_wconf 78' lang='lat' dir='ltr'><strong>Quoniam</strong></span> <span class='ocrx_word' id='word_1_336' title='bbox 469 4299 543 4342; x_wconf 86' lang='lat' dir='ltr'><strong>vena</strong></span> <span class='ocrx_word' id='word_1_337' title='bbox 558 4297 623 4354; x_wconf 90' lang='lat' dir='ltr'><strong>spes</strong></span> <span class='ocrx_word' id='word_1_338' title='bbox 638 4282 675 4340; x_wconf 79' lang='lat' dir='ltr'><strong>ab</strong></span> <span class='ocrx_word' id='word_1_339' title='bbox 686 4281 814 4356; x_wconf 68' lang='lat' dir='ltr'><strong>homine,</strong></span> <span class='ocrx_word' id='word_1_340' title='bbox 826 4280 980 4341; x_wconf 85' lang='lat' dir='ltr'><strong>fortissime</strong></span> <span class='ocrx_word' id='word_1_341' title='bbox 990 4281 1086 4342; x_wconf 79' lang='lat' dir='ltr'><strong>Christ</strong></span> <span class='ocrx_word' id='word_1_342' title='bbox 1087 4252 1234 4344; x_wconf 68' lang='lat' dir='ltr'><strong>eschilet</strong></span> <span class='ocrx_word' id='word_1_343' title='bbox 1221 4291 1254 4344; x_wconf 90' lang='lat' dir='ltr'><strong>tu</strong></span> <span class='ocrx_word' id='word_1_344' title='bbox 1268 4291 1398 4345; x_wconf 80' lang='lat' dir='ltr'><strong>nostram</strong></span> <span class='ocrx_word' id='word_1_345' title='bbox 1504 4306 1506 4311; x_wconf 94' lang='lat'>·</span> <span class='ocrx_word' id='word_1_346' title='bbox 1521 4255 1522 4322; x_wconf 40' lang='grc' dir='ltr'><strong>ι</strong></span> 
     </span>
     <span class='ocr_line' id='line_1_38' title="bbox 222 4402 1197 4460; baseline 0 -16"><span class='ocrx_word' id='word_1_347' title='bbox 222 4402 341 4446; x_wconf 86' lang='lat' dir='ltr'><strong>causam</strong></span> <span class='ocrx_word' id='word_1_348' title='bbox 355 4402 418 4460; x_wconf 78' lang='lat' dir='ltr'><strong>ege</strong></span> <span class='ocrx_word' id='word_1_349' title='bbox 1186 4402 1197 4408; x_wconf 66' lang='grc'><strong>’</strong></span> 
     </span>
     <span class='ocr_line' id='line_1_39' title="bbox 260 4461 1398 4574; baseline 0.004 -23.188"><span class='ocrx_word' id='word_1_350' title='bbox 260 4491 420 4554; x_wconf 72' lang='lat' dir='ltr'><strong>medon</strong></span> <span class='ocrx_word' id='word_1_351' title='bbox 443 4491 518 4549; x_wconf 83' lang='lat' dir='ltr'><strong>inter</strong></span> <span class='ocrx_word' id='word_1_352' title='bbox 542 4491 657 4550; x_wconf 84' lang='lat' dir='ltr'><strong>tertiam</strong></span> <span class='ocrx_word' id='word_1_353' title='bbox 679 4496 709 4549; x_wconf 88' lang='lat' dir='ltr'><strong>et</strong></span> <span class='ocrx_word' id='word_1_354' title='bbox 730 4495 867 4564; x_wconf 87' lang='lat' dir='ltr'><strong>quartem</strong></span> <span class='ocrx_word' id='word_1_355' title='bbox 883 4461 1108 4568; x_wconf 80' lang='lat' dir='ltr'><strong>pomeridiedem</strong></span> <span class='ocrx_word' id='word_1_356' title='bbox 1130 4493 1216 4554; x_wconf 88' lang='lat' dir='ltr'><strong>horas</strong></span> <span class='ocrx_word' id='word_1_357' title='bbox 1233 4493 1332 4556; x_wconf 83' lang='lat' dir='ltr'><strong>Ooesar</strong></span> <span class='ocrx_word' id='word_1_358' title='bbox 1345 4513 1398 4574; x_wconf 85' lang='lat' dir='ltr'><strong>per</strong></span> 
     </span>
    </p>
   </div>
   <div class='ocr_carea' id='block_1_9' title="bbox 0 0 1528 5104">
    <p class='ocr_par' dir='ltr' id='par_1_13' title="bbox 0 0 1528 5104">
     <span class='ocr_line' id='line_1_40' title="bbox 0 0 1528 5104; baseline 0 2"><span class='ocrx_word' id='word_1_359' title='bbox 0 0 1528 5104; x_wconf 95' lang='lat' dir='ltr'><strong> </strong></span> 
     </span>
    </p>
   </div>
  </div>
 </body>
</html>
