3054 5110
795 387 840 457 ιι

231 577 299 654 ms,
329 577 422 638 Demn
448 581 480 637 st
501 575 606 636 ostium
629 567 774 636 Christum
799 571 916 634 assidue
940 574 1086 650 pulsamus
1100 576 1170 636 sine
1193 573 1407 656 intermissione

232 683 447 759 orantes‚.nihil
462 680 625 742 dubitantes
640 697 694 740 nos
708 696 760 755 per
775 661 921 741 Christum
932 683 1076 743 exaudiri.
1308 739 1316 746 .

245 801 289 849 ιι
320 788 432 849 Eadem
453 785 532 864 apud
551 786 773 846 Atrebatensem
794 787 977 848 sollicitatum
996 793 1055 864 ιιι,
1066 789 1117 862 qni
1131 787 1345 863 quenquam-ds
1358 789 1408 848 via

212 946 214 957 .
232 895 376 956 duobusne
400 893 503 966 vellet,
527 897 624 952 tamen
644 892 763 952 anobis
785 898 959 966 praeventus.
990 894 1126 954 Nondum
1147 895 1258 954 audivit
1273 892 1407 966 efflares

230 1000 485 1077 maiestas—inquit
500 999 571 1058 Hunc
581 997 715 1072 sibyllina
726 995 869 1058 follicula¹
878 1013 931 1058 nos
947 999 1164 1074 apprehendere
1178 1005 1208 1059 et
1221 999 1304 1060 abire
1319 1013 1406 1076 opor·

232 1109 297 1174 tuit.
327 1106 438 1166 Eadem
451 1103 544 1164 faetus
560 1109 604 1164 est
617 1105 699 1164 nobis
714 1105 827 1164 obviam
841 1104 937 1163 Julius
952 1103 1044 1179 Pflug,
1060 1105 1241 1180 Numburgoe
1253 1105 1293 1165 sd
1308 1106 1406 1166 Salam

230 1217 261 1272 ιι
275 1213 359 1272 Zitiae
373 1197 534 1287 episeopus,
551 1207 778 1284 Amstoriiojmn
793 1210 920 1270 secundo
934 1213 1112 1286 surrogatus.
1193 1280 1196 1285 .
1404 1215 1407 1229 '

321 1319 490 1394 Opportune
510 1331 624 1390 quoque
649 1313 749 1374 dootor
763 1314 912 1391 Philippus
928 1316 1001 1379 sss
1019 1315 1132 1377 obuiam
1153 1317 1236 1378 nobis
1251 1315 1294 1392 iit,
1319 1332 1405 1391 quum

199 1481 203 1484 .
230 1424 336 1486 obnixo
350 1421 532 1500 rogabamus,
548 1427 581 1480 ut
600 1406 678 1496 apud
692 1420 912 1486 Atrebatensem
926 1424 1061 1498 ιιιιιιιι,
1084 1425 1109 1483 si
1123 1439 1182 1498 qua
1203 1439 1291 1484 eausa
1305 1427 1406 1483 nostra

202 1525 207 1530 ’
232 1529 268 1589 ad
284 1531 487 1603 imperatorem
509 1524 615 1587 deferri
635 1531 741 1602 posset.
772 1526 827 1600 Qui
845 1528 1004 1604 respondit,
1019 1532 1062 1588 ἰι
1078 1517 1210 1606 sperasse
1221 1532 1283 1605 iam
1298 1529 1406 1590 dudum

231 1631 399 1694 hoeiaotum
412 1648 483 1705 esse,
499 1637 687 1706 posteaquam
701 1648 753 1691 nos
764 1634 825 1707 jam
840 1632 1006 1694 obedientes
1021 1652 1090 1710 erga
1104 1636 1405 1708 rasuram-majesta-

231 1747 289 1802 tem
303 1739 546 1814 prestitissemus.
584 1739 691 1798 Verum
704 1737 735 1797 id
748 1740 837 1798 moris
860 1745 916 1811 est,
937 1741 1045 1816 inquit,
1069 1741 1252 1818 haimarus,
1268 1735 1406 1801 ‘homines

213 1831 313 1910 'mora
328 1845 450 1906 enecari.
475 1844 506 1904 Si
521 1845 640 1904 autem
632 1859 692 1919 rpse
708 1845 738 1903 in
752 1841 806 1902 hac
821 1859 854 1904 ιι
867 1844 937 1920 qnid
951 1842 1047 1905 facere
1061 1861 1176 1920 queam,
1191 1845 1321 1918 spondeo
1337 1862 1405 1920 gro·

230 1951 280 2016 tius
304 1955 408 2016 vostrae
434 1964 525 2010 meam
554 1953 680 2026 operam.
726 1947 851 2010 Pollioiti
876 1965 973 2011 sumus
1000 1951 1102 2026 igitur,
1134 1955 1164 2011 et
1185 1965 1237 2012 nos
1259 1950 1404 2046 relaturos

231 2058 362 2134 gratism.
870 2078 873 2084 ·
1361 2070 1363 2078 ’

320 2160 445 2226 Haedis
460 2159 599 2220 archidux
613 2159 727 2236 balnea
732 2175 786 2220 sua
799 2130 911 2237 peregit
929 2169 960 2221 et
972 2177 1071 2222 rursus
1086 2163 1117 2221 ιι
1129 2161 1240 2222 nmium
1255 2177 1337 2222 snam
1351 2161 1404 2222 mi·

231 2274 366 2346 graturus
382 2267 497 2338 dieitur,
513 2271 701 2340 speraturque
717 2283 816 2326 rursus
832 2267 1007 2328 audientium
1023 2269 1068 2344 (ut
1081 2265 1198 2342 vooant)
1214 2265 1293 2334 dare.
1317 2267 1405 2330 Libo

231 2375 276 2458 rio
295 2379 325 2434 et
338 2370 510 2432 Wendsiino
532 2371 689 2446 injunctum
710 2378 764 2444 est,
787 2379 820 2432 ut
841 2389 859 2432 a
879 2374 1002 2447 prandio
1024 2373 1141 2458 Seldm
1160 2367 1265 2432 ιιιιιιιι
1285 2373 1403 2434 odeum.

232 2453 465 2554 Augustianorum
478 2476 587 2552 turgidi
601 2478 686 2538 loculi
699 2495 800 2538 rursus
814 2478 975 2553 emulgendi
990 2478 1132 2540 dicuntur.
1162 2479 1239 2538 Nam
1254 2479 1405 2560 epispoms
1515 2475 1516 2484 ,

231 2600 286 2658 pro
308 2600 361 2643 sua
382 2582 583 2658 iurisdictione
609 2583 747 2644 ιιιιιιιιι
770 2584 928 2658 intercepta
953 2599 1087 2684 maguam
1113 2585 1243 2658 penuria
1266 2601 1405 2646 summurn
1515 2575 1516 2642 i

231 2691 312 2768 petit.
329 2690 398 2750 Hio
413 2677 478 2752 erat
491 2691 641 2752 vicesimus
657 2689 718 2750 dies
730 2691 808 2765 quod
823 2689 911 2764 apud
915 2689 1066 2750 eonohtnn
1079 2686 1229 2764 imperiale
1244 2689 1336 2750 suditi
1349 2688 1404 2768 fui·

232 2811 304 2871 mus,
320 2811 375 2857 ιιι
387 2796 500 2857 interea
513 2798 652 2872 temporis
667 2812 701 2871 eu
716 2795 881 2855 intromissi.

321 2899 564 2980 Eudemiamuius
573 2902 752 2964 dominorum
761 2891 1283 2982 deManderscheidtadnosreuersns
1290 2904 1346 2974 ιιι,
1356 2904 1405 2977 qui

235 3007 444 3070 Theodericum
458 3015 570 3085 patrem
586 3008 759 3070 Theudorici
774 3005 869 3068 affinis
883 3009 976 3068 nostri
991 3007 1021 3066 in
1032 3003 1218 3080 Gronenburg
1232 3003 1403 3082 Eiiflioepo

232 3113 324 3189 dogna
339 3115 508 3176 decumbere
522 3117 572 3174 ait.
596 3111 720 3174 Affinem
736 3129 806 3174 vero
822 3117 852 3172 et
866 3110 998 3173 sororem
1013 3117 1143 3173 nostram
1156 3111 1272 3171 Erioam
1286 3114 1406 3172 nuno-in
1513 3143 1516 3166 .

233 3220 473 3280 Mandersobeidt
494 3221 609 3294 degere.
647 3218 762 3279 Annam
783 3221 893 3306 nepthn
915 3223 1043 3279 nostrum
1065 3231 1222 3280 exsorore
1240 3233 1306 3278 esse
1327 3217 1406 3292 apud

232 3324 352 3386 fratrom
366 3330 495 3385 nostrum
510 3326 655 3384 uterinum
670 3323 829 3407 Arnoldum
844 3317 975 3388 eomitenn
988 3325 1020 3384 in
1035 3321 1185 3384 Stenbrrdt
1198 3329 1229 3383 ιι
1242 3322 1404 3396 Βιιιιιιιι,

233 3411 407 3491 dominum
399 3447 429 3496 ιι
444 3429 648 3504 ιιιιιιιιιοιιι,
672 3430 889 3508 Margaretbam
907 3431 1020 3490 matri
1011 3431 1162 3490 inseruire.
1196 3428 1406 3490 Theodorioum

234 3539 368 3610 nepotem
388 3537 551 3623 nostrum
542 3553 573 3594 ιι
594 3534 831 3602 Mandersoheidt
852 3535 907 3597 sub
934 3534 1091 3624 pedagogo
1116 3535 1208 3597 litoris
1229 3535 1404 3600 incumbere.

234 3641 311 3701 Huic
325 3617 432 3702 famulo
446 3623 582 3702 mandata
596 3637 634 3702 ad
649 3657 776 3702 sororem
790 3646 919 3702 nostrum
933 3645 963 3700 et
977 3641 1094 3700 comites
1109 3655 1175 3700 suos
1190 3639 1329 3702 dedimus.

321 3745 433 3807 Eadem
446 3748 523 3807 iuter
537 3751 666 3808 octavam
686 3752 716 3808 et
735 3763 839 3808 nonam
861 3746 1087 3820 pomeridianum
1101 3762 1154 3806 rex
1169 3747 1295 3821 Thuris,
1320 3763 1407 3822 quem

229 3841 282 3912 'alh
299 3850 480 3928 Carthaginis
495 3855 591 3932 potius
605 3871 704 3930 regem
718 3851 831 3928 putant,
847 3853 949 3911 leutius
963 3857 1060 3912 ventus
1069 3867 1134 3912 oum
1147 3852 1239 3914 alteru
1255 3852 1317 3924 ojus
1330 3833 1404 3924 tilio·
1480 3875 1483 3888 ·

233 3973 298 4018 rum
321 3959 423 4043 exiguo
443 3959 578 4020 satellitio
602 3960 753 4021 comitatus
772 3958 931 4034 Augustam
952 3959 1039 4018 vonit.
1073 3957 1151 4018 Gens
1171 3958 1404 4034 senitstbiopiou‚

232 4065 314 4138 eujus
329 4065 448 4127 vestitus
465 4066 589 4125 iuream
603 4065 724 4126 redolet.

305 4169 486 4231 Redeuntes
498 4171 538 4232 ad
552 4168 706 4252 hospitium
728 4169 850 4230 vidimus
864 4138 1052 4253 Ambrosium
1063 4169 1185 4230 Ammun
1205 4125 1332 4243 jndiuem
1344 4169 1404 4232 Rs·

235 4276 371 4351 hebone,
395 4293 432 4337 ιι
452 4293 508 4351 quo
529 4277 665 4337 sciscitati
684 4291 780 4335 sumus
796 4275 833 4336 de
847 4281 925 4338 statu
938 4276 1060 4352 Perpori
1074 4276 1205 4352 hospitis
1211 4277 1306 4338 nostri
1320 4283 1351 4338 st
1362 4277 1404 4336 ιι-

811 4409 830 4445 *
998 4405 1003 4414 .

297 4499 321 4544 ·l
341 4497 354 4546 t
372 4495 471 4547 foliola
