3020 5112
254 617 347 693 patris
366 615 491 677 humano
512 613 611 692 generi
631 613 768 690 praestitis
787 611 932 675 ιιιιιιιιίιι
955 612 1085 688 quotidie
1104 613 1206 676 videi.
1221 615 1327 689 docuit
1361 617 1418 678 Nec

254 738 327 798 opus
342 727 395 796 est,
411 723 464 797 ait,
489 729 521 782 nt
535 723 566 780 iu
579 721 635 779 boc
648 719 769 778 multum
783 719 920 795 temporis
934 724 1036 780 teram
1069 719 1100 779 Si
1116 721 1192 780 enim
1208 721 1266 794 ipsi
1281 722 1418 782 uobiscum

254 827 419 901 recolimus,
443 843 507 902 qua
527 827 630 900 singoli
651 823 790 884 beneficia
809 841 828 883 a
847 824 902 884 deo
921 823 1048 900 quotidie
1066 826 1286 901 consequimur,
1307 828 1418 901 quisque

252 931 369 994 abunde
384 934 454 992 satis
468 934 499 992 iu
514 949 545 992 se
565 933 628 1006 ipso
649 929 711 1011 hac
733 945 803 988 vera
826 945 889 988 esso
908 931 1073 1004 comperiet.
1104 929 1150 990 Ea
1170 935 1271 991 autem
1292 945 1359 991 uera
1380 939 1418 991 est

254 1035 463 1110 misericordie,
487 1041 519 1096 ut
534 1051 603 1110 erga
618 1048 714 1095 omnes
735 1037 783 1110 pio
800 1036 840 1094 sis
862 1033 981 1110 adactu,
1005 1051 1087 1109 seque
1108 1033 1294 1097 benefaciens
1308 1037 1380 1096 boeti
1393 1041 1418 1095 et

253 1142 377 1216 inimico,
393 1141 431 1202 ob
444 1140 528 1202 deum
541 1157 575 1200 ac
589 1142 712 1200 amicum
725 1155 832 1200 amare.
857 1139 932 1200 Nem
947 1140 1055 1200 directe
1070 1141 1206 1215 opposita
1220 1147 1294 1207 sunt,
1304 1141 1416 1215 Spracb·

244 1246 307 1306 ιιι
321 1245 532 1320 Barmbcrtrig,
557 1245 638 1318 quasi
655 1244 734 1305 dicas
747 1236 957 1320 aarmbertzig.
996 1244 1117 1320 Oportet
1137 1246 1216 1305 enim
1238 1251 1274 1306 ut
1292 1246 1352 1305 bac
1370 1246 1415 1304 mi-

252 1349 410 1411 sericordia
424 1347 476 1410 fiat
491 1365 527 1409 ex
541 1347 681 1424 flogrmte
696 1349 825 1409 caritatis
839 1356 917 1409 motu
938 1355 992 1409 etc.
1030 1350 1075 1410 De
1095 1367 1153 1410 non
1170 1350 1330 1424 indicando
1339 1355 1415 1425 'pra-

254 1457 331 1516 clare
346 1469 460 1530 quoque
475 1455 572 1514 docuit
592 1469 724 1514 asserens
744 1469 829 1526 qnam
848 1453 909 1513 boc‘
922 1456 984 1515 vitii
1004 1455 1089 1516 modo
1107 1457 1219 1530 possim
1239 1460 1349 1530 regnet
1383 1455 1417 1514 Et

253 1559 301 1618 bio
312 1561 409 1634 jussit,
425 1575 461 1619 ne
477 1560 592 1619 omnino
607 1560 712 1633 privati
722 1559 915 1632 indicaremus
931 1559 968 1620 de
981 1562 1127 1636 religionis
1143 1566 1233 1635 statu,
1250 1559 1303 1620 sed
1318 1560 1415 1632 camni,

254 1663 406 1740 episcopis,
423 1663 587 1738 pastoribus
597 1668 632 1726 at
646 1663 861 1737 mgismtibus
876 1664 1052 1725 secularibus
1067 1666 1415 1740 relinqueremusacpnis·

213 1817 219 1824 ,
243 1785 311 1844 ¹que
325 1786 358 1829 se
374 1785 426 1829 suo
441 1767 514 1844 pede
532 1770 683 1828 metiretur
697 1784 813 1842 suaeque
828 1769 932 1830 salutis
944 1771 1084 1832 rationem
1099 1771 1222 1846 quisque
1243 1772 1360 1832 baberet
1377 1785 1415 1828 se·

253 1879 314 1934 met
327 1875 421 1948 ipsum
433 1872 598 1949 judicando,
614 1889 681 1934 nam
695 1879 756 1932 tum
770 1871 834 1934 fieri
848 1881 881 1933 ιιι
894 1872 978 1934 iacile
993 1875 1102 1949 aliqmd
1116 1879 1252 1936 mantica
1262 1875 1362 1936 alienae
1374 1872 1416 1932 ob·

254 1979 441 2040 livisceretur.
479 1980 585 2054 Attigit
606 1985 636 2039 et
654 1978 746 2039 obiter
769 1979 891 2040 eundem
915 1981 1069 2056 apologum
1091 1980 1127 2040 de
1150 1981 1265 2042 duobus
1286 1978 1414 2039 mandcis.

254 2081 392 2146 indicere
407 2087 449 2146 ait
463 2099 525 2146 esse
541 2085 712 2147 sententiam
727 2085 757 2144 in
772 2085 895 2158 aliquem
917 2084 1022 2145 dicere.
1054 2083 1255 2146 condemnere
1275 2101 1343 2144 vero
1361 2097 1415 2142 esso

254 2187 391 2266 quiddam
404 2192 511 2265 majus,
535 2187 614 2264 qood
628 2191 662 2262 is,
680 2191 728 2263 qui
748 2189 931 2266 condemnat,
953 2189 1073 2264 judicati
1092 2203 1197 2266 poenas
1219 2189 1375 2251 conscribat
1390 2191 1415 2246 ct

253 2294 417 2370 promulget
431 2299 485 2354 eto.
514 2293 578 2352 Nec
592 2298 688 2354 tamen
702 2295 749 2354 bic
764 2295 860 2355 dicere
875 2295 978 2369 omisit,
995 2295 1128 2370 qualibus
1142 2297 1278 2371 personis
1289 2295 1415 2370 iudicium

254 2397 438 2475 permissum,
455 2397 587 2458 nimimm
601 2399 769 2472 parentibus
784 2401 814 2458 ln
829 2399 944 2474 liberos,
961 2401 1210 2463 concionatoribus
1225 2401 1314 2462 verbo
1328 2403 1356 2458 et
1368 2413 1414 2472 per

253 2503 373 2563 verbum
387 2497 418 2561 in
433 2503 579 2578 populum,
595 2503 725 2580 exemplo
739 2503 946 2580 prophetarum
955 2507 1197 2581 ctapcstolorum,
1214 2507 1414 2568 necimmemor

254 2609 343 2669 edam
356 2607 474 2668 festuca
489 2613 519 2667 et
533 2608 634 2682 trabis.
658 2609 702 2668 De
717 2609 920 2671 controversiis
935 2611 1083 2685 roligionis
1097 2613 1170 2674 adeo
1182 2609 1375 2686 premeditato
1388 2609 1413 2663 ιι

254 2713 458 2787 ιίιιιιιιιιιιιιι
471 2713 657 2788 loquebatur,
682 2721 715 2775 ιιι
729 2731 813 2776 nemo
828 2731 860 2775 sc
875 2714 1000 2775 carbone
1018 2719 1113 2777 notari
1132 2719 1216 2792 queri
1236 2719 1341 2791 posset.
1368 2710 1412 2770 Pio

240 2822 351 2879 antam
365 2804 454 2893 sagax
468 2817 551 2880 lacile
567 2817 704 2880 olfecerat
717 2820 845 2880 dolorem
860 2822 938 2880 bisce
947 2821 1131 2896 xtemporibus
1154 2815 1193 2883 ιιι
1209 2817 1411 2883 absunsissima

253 2925 304 2985 illa
318 2921 478 2986 interimica
492 2926 752 2986 controversiarum
766 2925 913 3000 religionis
935 2904 1149 2990 conciliatione..
1180 2929 1291 2989 anens
1309 2921 1409 2988 noain-

253 3045 341 3105 super
355 3020 474 3090 arbores
488 3029 579 3090 bonas
594 3045 656 3112 esse
672 3035 726 3090 etc.
763 3031 804 3090 Et
817 3031 885 3104 quid
899 3031 1038 3092 multum?
1068 3031 1114 3094 Ne
1126 3035 1189 3106 jota
1205 3033 1320 3106 quidem
1339 3029 1409 3086 iner-

253 3150 366 3196 cassnm
380 3135 506 3209 reliquit.
531 3135 705 3195 Misereatur
720 3139 812 3195 nostri
827 3136 915 3211 Deus,
932 3149 968 3198 ne
978 3135 1139 3198 Germaniae
1153 3138 1207 3197 bos
1221 3140 1300 3197 viros
1315 3131 1410 3194 sathan

253 3239 390 3302 invideat.
420 3241 499 3299 Inter
514 3237 654 3300 beneficia
668 3246 764 3300 antem
780 3240 834 3299 Dei
849 3241 919 3299 illud
934 3243 1111 3316 potissimum
1127 3241 1328 3318 exaggerabat,
1344 3229 1410 3309 quod

254 3346 333 3405 Deus
347 3344 424 3403 bisce
439 3344 615 3417 temporibus
630 3343 793 3404 Germaniae
808 3351 866 3405 ιιιι
881 3347 1041 3407 luculenter
1061 3347 1179 3406 verbum
1199 3362 1282 3407 snum
1301 3339 1408 3414 largius

255 3448 355 3520 luerit,
378 3448 455 3506 utin
470 3447 549 3506 nulle
563 3449 609 3506 vel
623 3430 741 3523 regione
756 3451 801 3508 vel
815 3451 879 3509 loco
894 3469 953 3512 non
968 3452 1171 3512 annunciatum
1186 3454 1234 3512 sit.
1267 3447 1323 3511 Sed
1340 3438 1407 3518 (1⁰1⁶,
1449 3487 1451 3492 -

215 3571 217 3576 ·
254 3554 357 3628 iuquit,
374 3568 426 3611 nos
441 3549 579 3612 fecimus?
601 3554 792 3628 ingratissime
807 3556 938 3616 omnibus
954 3559 1031 3617 vitiis
1046 3558 1173 3618 habenas
1188 3556 1351 3618 laxavimus.
1375 3543 1408 3604 El

253 3676 290 3721 ne
305 3675 379 3719 unus
394 3658 526 3734 princeps
541 3657 609 3733 ipit,
633 3661 681 3733 qni
697 3660 743 3721 vel
758 3677 851 3722 mores
860 3665 1018 3724 >immutare
1032 3657 1170 3738 voluerit,
1196 3665 1238 3723 ita
1252 3665 1285 3722 ιιι
1295 3649 1406 3734 jnstitli·

147 3770 152 3777 '
238 3782 329 3826 'mam
342 3766 416 3825 hanc
430 3765 655 3838 persecutionem
671 3773 701 3826 et
714 3769 825 3840 maiora
839 3768 883 3826 bis
898 3768 1056 3827 commeriti
1071 3768 1168 3826 simus.
1191 3767 1231 3828 Et
1246 3762 1321 3842 qnod
1333 3756 1405 3834 otili

254 3885 289 3931 ac
298 3871 390 3944 mains
406 3877 457 3944 ιιι,
474 3886 527 3930 ιιι
541 3873 616 3930 nine
632 3871 781 3945 quisquam
791 3878 841 3932 est
855 3873 1095 3948 apersecutione
1112 3874 1162 3946 qni
1176 3875 1212 3936 in¹
1220 3858 1348 3934 arborem
1360 3863 1403 3920 bo·

253 3991 320 4036 nam
339 3990 505 4035 exerescere
527 3977 632 4048 cupiat.
659 3976 724 4036 'list
746 3979 939 4037 consternatio
962 3971 1247 4050 animorum‘ubique
1267 3983 1364 4047 magna
1381 3965 1405 4020 il

217 4083 222 4088 '
254 4084 422 4154 quaeruntur
436 4079 538 4154 media,
555 4081 644 4163 ¹verbo
659 4085 756 4141 autem
770 4081 888 4142 obedire
903 4087 932 4140 et
947 4087 1029 4142 tanta
1044 4080 1185 4142 beneficia
1199 4078 1314 4155 benigni
1326 4067 1404 4150 patris

253 4185 405 4260 agnovisse
418 4199 503 4244 nemo
519 4189 564 4245 est
578 4187 628 4258 qui
642 4185 714 4248 velit
729 4193 782 4247 eto.
931 4253 933 4257 ,
970 4193 975 4196 “

274 4367 275 4372 ¹
342 4289 520 4349 Aconcione
540 4289 753 4353 obsecrationes
775 4289 839 4352 deri
855 4293 949 4367 jussit.
988 4293 1028 4352 Et
1042 4290 1170 4367 proiecto
1191 4305 1273 4352 nemo
1288 4282 1402 4348 satiw

255 4395 354 4458 dorem
368 4395 545 4470 precantium
560 4397 590 4454 in
605 4396 683 4456 bisce
697 4398 861 4471 regionibus
876 4397 976 4458 mirari
985 4388 1092 4472 posset,
1108 4396 1187 4470 quod
1195 4377 1404 4471 compositiseiffli

253 4508 352 4578 gestus
366 4498 450 4562 boile
464 4499 600 4562 indicant.
640 4501 831 4577 Posteaquam
840 4503 965 4566 »ambone
980 4502 1167 4564 ecclesiastes.
1176 4498 1326 4571 descendit
1339 4483 1401 4566 1⁸⁶5·
