3046 5104
706 423 768 490 leo

239 604 350 668 Eadem
365 604 484 668 Liborio
502 606 664 681 injunmum
681 609 740 681 est,
764 611 804 666 ut
818 607 985 767 petitionem
1003 609 1087 686 apsi
1103 609 1325 676 tremensem

146 717 311 775 removeret
1129 744 1134 751 ·

238 815 349 878 Eadem
363 817 492 878 isannes
507 816 599 878 irater
614 820 712 878 noster
727 817 878 878 Erasmum
897 837 916 880 a
936 819 1124 882 Rumhardt
1116 839 1146 882 ru
1160 824 1324 900 comitatum

145 893 297 996 premisit,
321 923 367 980 oui
381 921 419 981 ed
434 921 654 982 Sohonstsdium
669 927 699 982 et
719 922 915 1012 Hermuunum
930 926 1034 992 Nellen
1052 927 1164 986 litteras
1184 927 1322 988 dedimus.

237 1026 460 1100 Philippusron
480 1015 532 1086 der
546 1026 682 1101 Bruggen
702 1023 755 1101 ρει
773 1005 911 1104 tumulum
932 1031 1086 1092 »interim«
1107 1032 1178 1092 illud
1198 1034 1323 1106 repetiit,

145 1129 225 1205 quod
241 1137 272 1192 ει
285 1131 328 1192 illi
343 1133 493 1192 remissum
512 1137 565 1192 est
603 1131 713 1192 Eadem
732 1133 864 1192 uomitum
879 1135 1060 1216 wilhelmum
1078 1137 1235 1211 irrisimus,
1258 1154 1323 1198 oum

143 1253 204 1310 quo
220 1241 251 1296 et
264 1237 365 1311 prensi
380 1253 486 1296 sumus.

236 1341 366 1408 Vidimus
380 1342 586 1404 habitationem
600 1336 860 1424 magistridlaseri
875 1361 909 1404 ao
923 1345 966 1406 illi
980 1345 1176 1420 iudicavimus,
1193 1363 1257 1419 quse
1277 1341 1321 1406 se·

70 1487 74 1500 ,
144 1448 222 1506 niori
237 1448 334 1508 eomiti
348 1447 586 1524 Hennebergensi
600 1445 805 1522 perscribenda
819 1454 924 1510 essent.
1038 1507 1043 1514 ,
1161 1501 1169 1508 .

170 1543 173 1551 ’
236 1552 346 1612 Eadem
369 1551 470 1612 doctor
492 1551 589 1618 Simon
607 1551 642 1612 de
663 1551 866 1614 Mundtbner
858 1571 889 1614 ιι
908 1555 1062 1629 hospitium
1083 1560 1211 1625 ιοειιιιι
1231 1553 1319 1630 venit,

143 1659 195 1731 qni
209 1656 317 1730 aiebat,
342 1674 373 1718 se
387 1673 441 1716 nos
456 1661 524 1744 aute
539 1672 635 1716 annos
645 1658 772 1731 viginti
763 1675 794 1716 ιι
808 1659 906 1722 libello
920 1661 1049 1735 legentes
1070 1661 1112 1720 illi
1132 1641 1245 1722 obuiam
1259 1660 1318 1752 iao·

143 1768 200 1824 tos.
239 1763 268 1822 ιι
289 1779 366 1824 nuno
387 1738 493 1822 Joanni
516 1761 552 1822 ab
574 1759 739 1835 Eiseuburg
761 1747 975 1838 archiepiscopo
1002 1765 1167 1825 Trevirensi
1190 1783 1208 1824 a
1232 1743 1320 1828 medi·

142 1867 217 1926 oinis
232 1871 285 1926 ἐει

234 1970 321 2046 Apud
335 1971 466 2031 comitem
481 1987 499 2030 s
513 1971 627 2031 Nasson
641 1972 773 2030 comitem
787 1970 823 2032 de
837 1971 960 2048 Dengen
974 1971 1095 2034 vidimus
1096 1973 1165 2047 ‚qui
1179 1971 1320 2046 Budiugas

141 2079 309 2138 eonversari
331 2078 414 2137 solet.
452 2076 576 2138 Eodem
587 2075 708 2136 vidimus
729 2077 883 2138 histriones
908 2079 1092 2168 cothurnatos
1115 2093 1166 2138 sex
1188 2083 1219 2138 et
1239 2084 1320 2152 ρειι-

142 2190 224 2244 setos
243 2183 333 2244 terte
354 2183 493 2258 agilitatis
514 2199 546 2242 se
567 2182 597 2240 in
618 2197 706 2256 gyros
725 2187 756 2242 et
776 2183 942 2263 saltationes
962 2159 1122 2258 dementes,
1145 2188 1179 2244 rit
1199 2184 1320 2244 antehae

148 2306 278 2364 uuquam
292 2279 426 2362 uiderim,
444 2304 509 2348 oum
523 2304 576 2362 pro
587 2289 693 2362 majori
707 2289 837 2363 eorporis
850 2281 933 2364 perte
949 2289 1018 2350 nudi
1033 2270 1137 2350 essent.

210 2473 215 2478 Ι
233 2394 339 2456 Florus
345 2393 571 2454 dusbatensem
586 2398 653 2454 ante
667 2394 814 2456 meridiem
829 2393 936 2469 adoqui
946 2411 1008 2475 uon
1023 2397 1126 2470 potuit.
1156 2395 1320 2470 Apreudio

142 2505 242 2562 autern
256 2499 353 2560 multis
374 2515 442 2558 oum
459 2514 492 2558 ao
512 2498 581 2573 egit.
612 2499 719 2558 Verum
739 2503 805 2574 post
823 2501 983 2574 petitiones,
1007 2501 1202 2562 eltrioatioues
1223 2507 1252 2560 ει
1272 2517 1320 2560 ex·

142 2605 308 2666 eusetiones
322 2603 377 2664 hue
392 2602 508 2664 ιιιιιειι
522 2606 653 2678 responsi
671 2605 747 2679 tulit,
763 2593 983 2668 Atrebateuse'm
998 2607 1103 2680 omnia,
1123 2622 1188 2680 quae
1203 2619 1319 2668 suerum

142 2711 249 2770 ιιιιιιιι
268 2707 385 2784 inerint,
400 2708 615 2782 diligentissime
639 2708 717 2782 apud
740 2711 943 2783 imperatorem
966 2709 1072 2785 egisse,
1096 2711 1170 2770 adeo
1192 2715 1225 2770 ut
1245 2726 1319 2786 ρειε

142 2818 216 2898 iram
232 2814 354 2874 Caesar-is
374 2815 430 2900 mei
451 2831 520 2888 ergo
541 2816 716 2888 insumeret,
739 2829 792 2876 neo
813 2797 911 2872 tamen
931 2814 1073 2874 cesarem
1093 2814 1171 2874 flesti
1192 2817 1320 2890 potuisse

143 2923 250 2984 denuo.
282 2922 335 2981 Si
327 2937 389 2994 ιριε
405 2903 441 2980 de
455 2920 513 2985 elia
528 2921 576 2980 via
591 2919 719 3002 cogitare
733 2933 857 3013 ροιιειι,
881 2935 945 2978 enm
959 2918 1146 2979 libentissime
1160 2902 1229 2978 mihi
1245 2937 1319 2992 pra·

143 3027 218 3086 sidio
232 3025 370 3086 futurum.
408 3026 471 3086 Neo
484 3026 650 3100 quiequam
646 3025 800 3084 xeniorum
814 3027 864 3082 eut
883 3040 1034 3082 munerum
1055 3041 1086 3082 se
1106 3024 1216 3084 ambire
1236 3024 1317 3083 dixit

143 3135 275 3206 Insuper,
295 3133 399 3206 inquit,
419 3131 518 3192 intime
531 3131 575 3194 illi
585 3130 755 3205 eompatior
787 3129 858 3189 Cum
872 3129 1006 3190 Liberius
1020 3129 1063 3188 illi
1076 3128 1319 3202 importunitatem

143 3255 227 3302 suern
242 3237 399 3326 ooudunari
413 3241 545 3312 ριειιιει
545 3253 589 3311 ιι,
605 3235 773 3349 respondet:
796 3236 865 3296 Nou
878 3235 936 3295 eris
951 3234 1021 3294 mihi
1035 3235 1181 3308 molestus,
1204 3233 1319 3298 audium

144 3345 258 3418 quoties
273 3343 397 3412 veneris

233 3447 381 3524 Adjutor
372 3465 402 3508 ιι
418 3448 632 3522 opportunitate
647 3452 677 3506 et
691 3462 757 3519 spes
771 3433 1046 3524 emmerammus,
1070 3462 1106 3505 ue
1119 3461 1177 3503 ιιει
1192 3444 1317 3505 deseras.

143 3551 293 3628 Memento
307 3553 505 3629 promissionis
518 3559 586 3626 tuo,
598 3554 647 3626 qui
661 3569 714 3627 ρει
729 3569 760 3611 οι
776 3550 924 3626 prophetae
939 3552 982 3610 ιιι
998 3551 1107 3610 dixisti:
1136 3551 1189 3610 «ιι
1205 3546 1251 3609 die
1266 3551 1317 3608 tri-

145 3661 300 3722 bulationis
316 3662 417 3718 invoca
431 3676 476 3718 me
490 3664 521 3718 'et
539 3674 593 3732 ego
613 3675 711 3718 eruam
730 3664 790 3716 te«
823 3657 888 3716 Tibi
903 3657 1091 3730 pensavimus,
1108 3653 1319 3712 neeutemdes

144 3747 297 3826 veritatem
317 3770 398 3828 tuam
420 3765 457 3824 ob
476 3769 592 3824 nostras
615 3763 856 3836 transgressiones
885 3760 1025 3820 dedecore
1052 3758 1089 3817 ab
1111 3757 1204 3831 impiis
1231 3754 1317 3816 affici.

145 3871 217 3944 Quis
232 3874 329 3930 auteur
344 3885 398 3944 ego
414 3883 485 3944 sum,
509 3870 534 3928 si
549 3885 606 3928 nou
620 3852 771 3930 reflexeris
790 3869 821 3924 in
839 3864 939 3924 faeiem
956 3863 1071 3937 (ιιιιιιιι,
1094 3863 1240 3938 ιιιρειιοι
1255 3879 1317 3948 uor-

145 3976 191 4036 dis
202 3980 232 4035 et
243 3980 386 4036 scrutator
391 3991 508 4048 renum,
521 3963 664 4034 domiue?
671 3972 745 4032 Τι
717 3987 862 4044 ,rnquam
878 3949 963 4064 nosti,
979 3985 1043 4042 que
1059 3970 1097 4028 sit
1113 3966 1230 4028 afflictio
1245 3982 1319 4028 mea.

143 4081 269 4154 Exaudi
274 4097 320 4140 me
334 4096 388 4154 ρει
403 4097 477 4152 eum,
501 4078 550 4152 uui
565 4078 648 4138 nobie
664 4052 735 4138 nibil
744 4094 808 4136 uon
824 4091 942 4171 passus
947 4080 1000 4148 εει,
1024 4074 1170 4133 dominum
1190 4080 1320 4134 nostrum

144 4187 246 4248 Jesum
261 4185 358 4245 Christ
345 4190 405 4244 tum
421 4183 547 4244 filiumt
534 4187 623 4258 ι,ιιιι
647 4184 696 4257 qui
715 4165 809 4244 ιεειιι
828 4181 898 4242 sivit
918 4184 948 4240 ει
966 4180 1098 4254 regnat
1089 4197 1120 4238 ιι
1134 4181 1246 4274 unitate
1260 4180 1319 4252 spi·

129 4293 219 4352 ritus
234 4309 257 4352 ι.
274 4293 304 4350 iu
315 4285 416 4352 secula
431 4290 520 4350 Dens.
1128 4291 1132 4302 “

166 4391 171 4406 ’
236 4397 292 4471 De,
308 4395 430 4470 domiue,
450 4413 487 4456 ne
501 4395 666 4456 adversust
653 4398 765 4464 ιεειιο
781 4391 899 4468 glorieri
914 4391 1013 4465 possit,
1034 4405 1080 4450 me
1095 4390 1212 4464 potius
1204 4407 1235 4448 ιι
1250 4389 1316 4450 bra·

145 4503 211 4574 obio
226 4503 283 4565 viri
297 4511 382 4576 quam
395 4502 426 4562 in
445 4506 496 4562 tua
514 4495 642 4563 bonitate
653 4515 801 4575 sperasse.
822 4497 899 4560 -Seio
919 4495 1043 4571 quidem,
1067 4501 1150 4571 peter
1170 4495 1218 4570 mi,
1242 4493 1320 4568 quod
