3020 5112
681 365 747 439 2l3

110 561 245 644 metiens
260 563 290 619 et
308 559 468 634 papisticos
486 553 609 618 insultus
631 561 793 631 conseruet,
819 548 899 632 cujus
914 557 945 616 in
959 563 1060 622 nostra
1074 555 1176 638 lingua
1187 555 1299 624 initium

74 700 81 713 ·
110 671 181 726 est:
209 664 316 726 lirhalt
330 680 419 724 vnnsn
433 663 511 724 Herr
525 663 572 722 bei
587 662 699 723 minem
714 663 807 722 Wort.
1173 679 1174 684 ¹

213 770 242 830 A
257 769 394 832 concione
408 766 574 828 volebamus
588 768 747 844 Rotgorum
762 765 824 838 auil
835 768 887 828 der
901 769 1001 846 Burglr
1016 773 1178 846 convenire,
1200 789 1298 834 verum

108 874 234 935 familia
249 875 402 936 simulabat
425 889 489 932 eum
511 873 595 932 domo
618 872 728 932 abesse.
767 873 873 933 Postea
893 881 990 941 autem
1005 878 1196 953 cognovimus,
1221 880 1297 952 qood

109 982 213 1056 ipsius
237 981 397 1041 absentiam
417 977 603 1054 abnegarint,
628 980 658 1037 in
677 993 765 1038 causa
786 975 889 1054 fuisse,
911 981 989 1054 qnod
1007 983 1168 1057 apoplexiae
1187 985 1297 1058 species

109 1084 258 1160 quaedam
273 1092 303 1146 ct
317 1085 447 1162 corporis
462 1089 492 1144 et
506 1084 594 1146 animi
608 1084 684 1142 vires
698 1083 775 1142 illius
790 1083 941 1144 obruisset.

211 1190 326 1254 Deinde
341 1190 419 1250 aedes
433 1189 602 1263 Hieronymi
614 1188 835 1262 Baumgartneri
850 1173 968 1266 adimus,
984 1181 1035 1264 oui
1049 1192 1116 1251 laeto
1132 1194 1226 1253 auimo
1241 1209 1292 1254 nos

109 1297 216 1372 ipsum
238 1295 378 1359 adeuntes
398 1296 522 1370 excepit,
543 1309 577 1354 ac
595 1295 723 1374 inuicem,
737 1293 823 1356 alteri
842 1282 900 1355 non
920 1297 1012 1355 selum
1032 1297 1160 1371 privatas
1181 1305 1294 1360 nostras

111 1417 276 1475 aerumnas,
292 1395 345 1462 sed
358 1403 514 1462 communis
528 1399 630 1474 petria
647 1397 807 1459 Germaniae
823 1413 938 1475 quoque
953 1405 1141 1477 exposuimus.
1165 1405 1294 1464 Vidimus

111 1523 242 1568 uxorem
257 1509 364 1582 ejuset
378 1507 497 1581 liberos,
522 1521 642 1579 quorum
661 1511 769 1581 praeter
787 1508 901 1566 unicum
924 1507 1012 1567 filium
1033 1525 1215 1570 numerosum
1229 1517 1295 1584 pro'·

113 1611 240 1674 ventum
255 1612 351 1688 habet,
369 1613 512 1672 electurus
528 1598 643 1695 exilium
658 1607 774 1688 siquod
789 1613 899 1686 asylum
913 1621 1036 1688 pateret,
1052 1591 1101 1676 ubi
1110 1616 1228 1676 ueritati
1241 1615 1293 1675 ad-

111 1720 233 1778 haerere
248 1719 364 1792 impune
383 1719 492 1777 liceret.
532 1717 662 1794 Optimus
682 1717 729 1776 hic
750 1718 795 1775 vir
816 1718 932 1776 tertium
950 1719 1109 1793 Augustam
1129 1721 1293 1795 scripserat,

111 1825 334 1899 expiscatums,
361 1839 484 1896 quonam
507 1824 537 1881 in
560 1829 637 1882 statu
658 1839 705 1883 res
726 1839 797 1893 meae
813 1827 917 1888 assent.
955 1823 1003 1884 Ad
1021 1824 1107 1897 hujus
1122 1827 1177 1884 riri
1191 1841 1293 1884 manus

113 1928 222 1993 fideles
237 1923 464 2006 quadringentos
479 1929 606 2006 thalerus
621 1929 736 2004 reposui
750 1930 780 1986 in
795 1944 878 1987 usum
892 1929 1004 2003 negocii
1019 1929 1189 2003 Augustani.
1296 1969 1300 1978 ,

209 2035 286 2096 Dum
300 2037 331 2096 in
345 2035 469 2109 hospitio
491 2037 522 2094 in
537 2034 658 2122 diarium
680 2051 774 2094 mcum
789 2036 884 2095 nescio
900 2050 965 2108 quae
980 2037 1112 2109 assigno,
1129 2040 1290 2111 opportune

112 2142 256 2224 Liberius
270 2143 356 2216 venit,
374 2142 423 2215 qui
437 2147 502 2214 post
517 2155 569 2200 uos
583 2139 715 2215 Augusta
730 2140 909 2200 discesserat.
940 2141 969 2199 Is
984 2141 1088 2213 omnia,
1112 2157 1176 2215 quae
1190 2135 1236 2200 ibi'
1245 2157 1291 2202 ac-

114 2231 265 2322 ciderant,
288 2245 372 2307 nobis
392 2247 542 2321 indicavit,
567 2251 597 2306 et
618 2247 695 2306 iuter
714 2229 812 2308 cetera
834 2245 911 2320 quod
933 2245 961 2308 d.
977 2246 1125 2335 Muscplus
1140 2263 1159 2306 a
1173 2248 1292 2306 munere

114 2353 315 2416 ecclesiastico
330 2356 442 2412 amotus
458 2355 554 2444 esset,
590 2343 755 2427 Item'qood
771 2369 860 2411 caesar
874 2353 967 2413 tribus
983 2351 1028 2428 (ut
1041 2369 1118 2412 nunc
1131 2353 1293 2414 militariter

113 2455 289 2534 loquuntur)
304 2458 471 2549 regimentis
486 2455 613 2562 peditum
627 2461 694 2517 anta
708 2459 846 2532 palatium
865 2461 896 2519 in
911 2461 1036 2519 statione
1052 2461 1174 2519 ¹armatis
1188 2461 1290 2519 stanti

113 2564 207 2625 busa
229 2568 311 2622 senet
311 2581 331 2621 ιι
352 2563 522 2644 Augustano
544 2547 582 2621 a‘n
604 2563 648 2622 int
649 2563 719 2620 erim
741 2563 859 2622 velt
807 2580 848 2638 po
846 2566 903 2622 tius
924 2565 1090 2638 operculum
1112 2565 1183 2624 illud
1203 2566 1291 2648 totius

113 2671 279 2756 papisticae
296 2669 448 2728 camarina
474 2659 618 2741 suscipere
646 2665 753 2726 vedent
740 2672 813 2729 tan
837 2683 932 2742 secus,
957 2685 1126 2743 responsum
1153 2666 1289 2742 exegerit,

114 2772 240 2850 quodd.
255 2775 323 2834 Vito
345 2789 398 2848 per
412 2769 601 2872 Etzdorffium
621 2771 849 2848 significabamus
869 2789 903 2832 ac
925 2772 1046 2832 eundem
1061 2777 1160 2833 nostro
1173 2775 1291 2835 nomine

116 2879 240 2941 salutmi
255 2893 289 2938 ac
303 2877 488 2938 valedicere'
476 2881 622 2952 jussimus

207 2983 285 3044 Hala
301 2985 412 3045 Sueriae
427 2983 542 3045 interim
555 2985 666 3059 recepit
686 2999 720 3042 ac
734 2983 776 3042 sic
789 2983 962 3059 Hispanicus
986 2985 1067 3042 miles
1081 2965 1232 3042 reuocatus
1247 2991 1291 3044 est

116 3091 294 3170 ett(ut
226 3091 294 3150 dicit
295 3087 342 3166 or)
364 3091 526 3165 Augustam
547 3095 630 3150 vocat
631 3106 673 3148 us.
707 3087 765 3147 Sed
780 3089 852 3147 nihil
865 3088 1038 3148 Halcnsibus
1061 3087 1108 3146 hie
1122 3087 1207 3147 timor
1221 3104 1288 3162 pro·

114 3196 181 3270 luit,
197 3202 263 3270 post
277 3196 415 3272 pauculos
426 3195 492 3256 dies
507 3196 584 3255 lteri
599 3211 649 3254 eos
670 3195 837 3254 inviserant.

209 3302 313 3362 Pransi
328 3301 417 3392 igitur
432 3317 529 3362 sumus
549 3301 682 3360 convivas
697 3299 805 3360 habent
792 3304 835 3358 tes
851 3299 973 3359 Pardum
995 3298 1183 3359 Leitschirt
1154 3314 1169 3358 e
1170 3299 1289 3373 tBaua·

116 3423 181 3467 rum
198 3390 348 3482 quendam.
387 3405 414 3464 ‘A
434 3403 557 3480 prandio
578 3403 945 3466 Adriano‘dedi'thaleros
971 3405 1108 3465 ducentos
1138 3409 1167 3464 et
1188 3397 1289 3480 'viginti

116 3529 206 3571 unum
221 3529 254 3572 ac
269 3489 485 3586 quatuordecim
505 3489 604 3570 hatzos
619 3511 777 3586 Augustam
798 3508 982 3584 deferendos,
1003 3517 1036 3570 ut
1058 3516 1165 3570 catenae
1182 3525 1287 3584 aureae,

116 3633 181 3691 quae
204 3617 234 3674 in
254 3617 357 3695 pignus
377 3621 589 3690 remanserant,
562 3615 836 3676 tredimerentur.
884 3615 1004 3688 Accepit
1027 3615 1287 3688 quandoquisque

117 3722 268 3782 thaleros
260 3739 291 3780 nu
306 3723 441 3782 viaticum
463 3727 493 3780 et
480 3721 583 3780 tduos
605 3723 630 3779 si
643 3719 718 3780 forte
738 3720 842 3794 hospes
857 3717 1017 3780 foenust
968 3725 1017 3792 pet
1018 3724 1088 3778 eret.
1068 3719 1200 3778 ttIem
1215 3717 1290 3788 duos

116 3827 245 3887 thaleros
254 3826 408 3896 chunrado
419 3827 525 3900 Fabr0,
541 3828 565 3884 si
580 3823 654 3884 forte
667 3823 882 3896 horologiolum
892 3830 1024 3897 paratum
1038 3827 1122 3883 esset.
1145 3823 1288 3882 dussimus

117 3949 232 4008 quoque
246 3931 367 3992 eundern
387 3932 523 3990 thaleros
536 3934 650 3989 centnm
671 3927 781 3991 referre
803 3929 841 3988 ad
854 3929 1011 4002 Rotgerum
1034 3927 1094 3988 auli
1111 3927 1163 3988 der
1177 3928 1286 4002 Bergk.

117 4038 178 4114 Ipsi
191 4036 275 4108 nohis
283 4016 499 4114 reseruemus
514 4039 626 4096 centum
642 4039 671 4094 et
685 4035 805 4109 triginta
819 4040 929 4110 septem
942 4036 1070 4096 tataros·

166 4165 178 4206 η
206 4142 335 4205 Adduxit
349 4149 446 4203 autem
460 4157 556 4202 secum
571 4141 608 4200 ab
622 4139 756 4214 Augusta
770 4139 904 4200 Liborius
920 4133 1043 4222 aulicum
1058 4138 1200 4214 quendam
1215 4137 1287 4199 filio-
1383 4201 1386 4212 ,

116 4263 181 4308 ιιι]
196 4249 329 4310 electoris
344 4249 486 4324 Saxonis,
501 4247 703 4315 Baithasarom
719 4245 970 4322 Quindenberger',
995 4247 1044 4321 qui
1058 4262 1077 4306 a
1091 4247 1174 4308 nohis
1188 4243 1226 4304 ad
1241 4260 1287 4304 oo·
1304 4273 1306 4276 ·

122 4355 222 4413 mitem
235 4353 345 4412 itineris
360 4369 451 4427 usque
465 4339 496 4412 in
509 4352 731 4427 Rudolstadium
746 4358 877 4426 receptus
893 4355 945 4411 est.
1021 4389 1023 4401 ·

158 4492 161 4498 -
208 4458 333 4534 Singulis
373 4449 497 4534 demque
525 4459 639 4547 curatis
670 4453 801 4534 auspice,
814 4455 869 4523 deo
897 4455 1129 4530 a-rlorinberga
1159 4446 1287 4518 Forche·
