3046 5104
694 457 755 521 155

123 639 173 698 vel
197 637 354 714 supercilia
377 637 489 711 erigere
512 633 673 711 aeneum,
703 639 814 696 etiamsi
841 643 987 713 praeopta
1014 636 1119 698 (illitati
1146 643 1304 716 servarent,

119 745 210 818 juxta
225 742 325 802 illudi
338 741 409 801 Cum
427 739 552 800 feceritis
571 743 666 800 omnia
685 757 749 816 quse
768 743 908 801 debuistis
928 741 1036 817 Iacere,
1060 743 1145 803 dloite
1165 748 1241 805 servi
1260 748 1304 804 in·

122 848 215 907 utiles
232 863 341 906 sumus.
371 845 444 906 Esto
459 847 534 904 enim
549 845 626 919 quod
640 845 727 904 simus
743 847 825 904 amici
841 851 870 906 et
883 847 989 907 iratres
1003 847 1119 922 Christi,
1135 855 1231 908 tanim
1246 861 1305 918 nou

122 969 227 1011 sumus
243 958 348 1011 natura
362 949 423 1024 filii,
448 950 559 1008 siculis
575 955 627 1024 est,
652 951 701 1022 qui
717 957 761 1010 est
774 953 980 1025 primogenitus
995 953 1080 1025 patri,
1101 967 1201 1010 verum
1215 953 1304 1028 adop-

122 1057 188 1114 tioii
203 1071 311 1113 sumus.
342 1053 423 1113 Deos
438 1055 487 1127 qui
502 1069 554 1112 nos
570 1055 655 1113 ducet
669 1071 723 1127 pro
742 1053 818 1130 filiis,
842 1059 866 1114 si
882 1057 989 1115 Olnisti
1008 1063 1153 1130 praecepte
1173 1057 1305 1116 observa-

122 1175 200 1234 mus,
228 1161 252 1218 si
268 1163 354 1218 neom
374 1159 480 1232 diuque
500 1159 530 1216 in
549 1158 604 1216 hoc
623 1157 717 1231 ipsum
736 1159 882 1235 instemus,
905 1161 987 1220 nobts
1007 1167 1102 1220 autem
1120 1160 1165 1218 his
1185 1159 1247 1219 non'
1264 1163 1306 1219 ita

124 1263 322 1336 blandiamur,
347 1269 388 1336 nt,
412 1263 513 1321 relicto
527 1261 617 1320 verbo
633 1269 662 1321 et
675 1263 844 1322 intermissis
860 1265 1011 1338 proeceptis
1027 1264 1141 1338 Christi,
1165 1263 1233 1323 belli
1253 1280 1304 1324 no·

124 1367 172 1427 bis
193 1367 325 1426 homines
347 1367 508 1440 videamur,
533 1371 566 1424 ut
585 1366 647 1424 hoec
668 1368 903 1428 christianissime
925 1373 955 1430 et
975 1369 1135 1428 doctissime
1156 1367 1305 1426 Musonius

124 1473 318 1531 concionatus
334 1477 383 1558 ¹est
403 1475 457 1529 etc.
493 1470 540 1529 Ad
560 1470 636 1530 idem
657 1473 778 1546 exempli
797 1473 929 1532 humatus
949 1479 992 1531 ost
1012 1489 1125 1546 quoque
1144 1489 1255 1548 servos,
1279 1476 1304 1533 si

125 1570 187 1650 qua
202 1575 334 1636 domiuos
350 1574 558 1634 commodiores
573 1577 650 1635 nacti
663 1573 780 1651 iueriut,
805 1579 853 1650 qui
868 1593 917 1637 eos
932 1579 979 1651 pio
995 1579 1088 1638 animo
1109 1583 1243 1649 tractent
1267 1593 1305 1636 ne

123 1697 196 1740 mox
220 1697 257 1739 ex
278 1681 332 1738 hoc
355 1679 523 1752 superbiant
543 1679 936 1752 saginationevrecalcitrent.
982 1681 1053 1739 Item
1075 1681 1203 1740 dominos
1222 1683 1305 1754 juxta

124 1791 307 1862 praeceptum
328 1785 413 1843 Pauli
435 1785 567 1844 hortatus
590 1789 647 1856 est,
672 1799 709 1841 ne
731 1786 821 1842 servis
844 1791 877 1842 ut
896 1787 983 1842 mutis
1006 1786 1155 1858 mancipiis
1175 1790 1303 1858 utentur,

123 1891 181 1950 sed
196 1889 379 1948 meminerint
394 1893 423 1946 et
442 1905 473 1948 se
494 1888 637 1947 dominnm
657 1889 687 1945 in
708 1889 788 1946 coelis
807 1887 924 1948 habere.
954 1890 1028 1947 Item
1048 1888 1145 1946 multis
1159 1889 1196 1947 de
1210 1905 1245 1947 eo
1260 1887 1303 1947 di·

125 1997 182 2068 xit,
209 1993 287 2067 quod
301 1993 450 2051 Deusait:
476 1993 532 2065 Qui
546 2009 646 2052 servus
661 2009 719 2052 non
734 1994 796 2066 scit,
821 1993 890 2065 quid
903 1989 990 2051 faciet
1004 1993 1134 2052 dominus
1149 1993 1220 2064 eius.
1250 1992 1304 2049 Hic

125 2080 234 2156 munus
249 2094 326 2170 frugi
340 2098 417 2156 servi
432 2113 495 2156 esse
510 2097 670 2172 descripsit,
693 2095 818 2156 fideliter
831 2097 902 2155 hero
918 2113 969 2154 suo
984 2097 1132 2170 Inserrire,
1153 2097 1304 2168 praeceptis

124 2203 190 2276 eJ‘us
207 2201 335 2274 obedire,
359 2217 418 2259 non
433 2202 576 2259 curiosum
595 2217 657 2260 esse
678 2217 732 2260 nec
751 2201 820 2276 quid
840 2202 969 2261 dominns
989 2217 1056 2260 sous
1077 2207 1145 2274 agat
1158 2196 1304 2271 inquirere

125 2311 183 2365 etc.
215 2305 381 2364 Amicorum
396 2310 492 2364 autem
506 2305 592 2379 longe
607 2306 692 2364 aliam
708 2323 770 2364 esse
785 2307 936 2364 rationem.
968 2305 1042 2363 Nam
1061 2305 1163 2363 horum
1183 2306 1305 2362 interest

125 2410 207 2471 facta
221 2412 376 2470 amicornm
392 2411 465 2470 scire
482 2415 535 2469 etc.
566 2411 639 2469 Item
655 2411 704 2483 qui
718 2408 770 2468 fiat
784 2415 816 2468 ut
832 2409 962 2468 Christus
983 2407 1100 2468 dixerIt:
1124 2409 1225 2471 Omnia
1239 2423 1304 2480 qnae

125 2515 227 2574 andivi
242 2519 358 2588 epatre
373 2531 446 2589 meo,
470 2515 641 2573 annunciavi
660 2515 749 2588 vobis,
774 2529 837 2572 cum
858 2517 993 2586 scriptum
1012 2515 1050 2574 sit
1064 2516 1157 2588 ipsum
1176 2517 1242 2587 post
1255 2527 1302 2578 re·

125 2621 337 2680 surrectionem
353 2598 505 2692 discipulis
514 2619 662 2693 aperuisse
678 2635 801 2690 sensum,
825 2621 858 2675 ut
877 2623 1065 2691 agnoscerent
1084 2619 1250 2691 scripturas,
1275 2621 1305 2674 et

126 2722 254 2782 antehac
268 2725 355 2782 etiam
372 2723 488 2782 dixerit:
512 2723 637 2796 Spiritus
656 2722 706 2780 ille
721 2720 884 2794 paracletus
901 2721 1014 2780 docebit
1033 2737 1084 2780 vos
1098 2723 1194 2778 omnia
1209 2726 1238 2778 et
1252 2737 1303 2780 ros

126 2829 159 2886 in
174 2841 287 2886 omnem
301 2829 451 2885 veritatem
470 2825 595 2885 inducet.
633 2826 718 2883 Hunc
737 2825 842 2882 nodum
861 2825 903 2882 ita
923 2825 1061 2899 dissolvit,
1086 2827 1231 2884 dominum
1246 2841 1304 2884 non

128 2933 227 2990 omnia
249 2931 396 3005 aperuisse
420 2931 581 3004 discipulis,
605 2930 657 2989 sed
676 2945 712 2988 eo
733 2930 886 3003 duntaxat,
911 2945 973 3002 quae
995 2930 1051 2986 illis
1073 2927 1244 2988 sufficientia
1265 2927 1304 2986 ad

128 3036 253 3094 salutem
269 3041 365 3094 essent
380 3039 409 3092 et
428 3039 635 3093 concernerent
653 3035 830 3094 uoluntatem
849 3034 954 3107 patris,
978 3033 1015 3091 de
1034 3028 1233 3090 incarnatione
1251 3031 1304 3090 lilii

129 3145 160 3198 et
174 3141 374 3213 'redemptione
393 3139 494 3197 salutis
514 3143 569 3197 etc.
599 3137 754 3212 Apostolos
774 3149 888 3210 qnoque
908 3152 964 3195 uon
987 3138 1082 3196 omnia
1100 3136 1228 3209 scivisse,
1252 3135 1304 3194 sed

131 3259 168 3304 ea
183 3261 247 3318 quae
262 3245 300 3304 ad
315 3261 386 3317 opos
401 3243 607 3314 redemptionis
625 3239 763 3300 iacerent.
802 3243 877 3300 Nam
898 3259 962 3300 cum
981 3243 1194 3314 interrogarent
1212 3240 1302 3298 domi-

129 3363 212 3407 num:
236 3349 313 3407 Num
333 3349 511 3422 intempore
530 3346 584 3404 hoc
603 3345 737 3404 restitues
756 3363 876 3420 regnum
899 3346 1008 3406 lsrael?
1031 3361 1200 3420 responsum
1222 3361 1302 3404 acce-

129 3457 249 3526 perunt:
273 3453 340 3511 Non
355 3457 400 3510 est
413 3456 540 3511 vestrum
556 3467 640 3510 nosse
655 3455 767 3524 tempus
782 3457 811 3510 et
826 3453 962 3510 articulos
977 3456 1145 3524 temporum.
1176 3451 1303 3513 Anncta·

128 3557 172 3615 vit
186 3561 217 3616 et
229 3556 276 3614 hic
291 3557 328 3616 de
342 3556 443 3616 morbo
463 3556 636 3614 cumositatis
656 3556 797 3632 humanae,
821 3573 885 3631 quae
904 3555 966 3615 fere
985 3555 1115 3613 omnibus
1133 3554 1303 3615 mortalibus

129 3661 170 3720 sIt
191 3661 353 3734 peculiaris,
376 3649 541 3733 quiaouod
561 3675 596 3719 ea
616 3677 736 3733 quorum
751 3663 873 3720 interest
888 3669 988 3720 nostra
1001 3660 1075 3717 scire
1089 3660 1302 3731 contemnimus,

130 3770 162 3824 et
175 3765 281 3839 omnio,
306 3781 370 3838 quae
390 3780 478 3838 supra
499 3781 552 3824 nos
571 3769 646 3838 sunt,
669 3765 791 3823 maxime
810 3765 884 3822 scire
907 3765 1023 3822 avemus
1038 3763 1084 3820 vel
1104 3761 1182 3820 avidi
1196 3777 1302 3835 sumus,

130 3869 210 3942 quod
225 3875 254 3928 et
273 3869 418 3942 discipulis
440 3869 547 3928 domini
569 3869 705 3928 accidisse
726 3867 854 3941 dicebat,
878 3868 926 3939 qni
946 3882 1048 3939 parum
1067 3865 1181 3926 sollicIti
1201 3866 1238 3925 de
1256 3867 1302 3941 iis,

130 3989 196 4047 quae
217 3973 348 4033 dominus
369 3975 520 4046 docuerat,
551 3951 762 4030 contentionem
785 3969 823 4030 ds
842 3971 969 4045 primatu
989 3970 1117 4044 subiere,
1141 3975 1303 4044 quarentes

128 4079 207 4137 inter
221 4095 266 4153 se,
286 4081 418 4151 quisnam
431 4079 462 4136 in
476 4087 565 4150 regno
581 4075 720 4134 coelorum-
735 4077 833 4148 maj0r
848 4072 961 4133 iuturus
982 4075 1029 4134 sit.
1066 4074 1123 4133 Sed
1137 4076 1304 4143 ,retulerunt

129 4183 160 4243 hi
174 4173 345 4255 responsum
364 4199 382 4240 a
401 4183 530 4256 ιιοιιιὶιιο,
555 4195 612 4253 quc
633 4181 702 4239 satis
723 4197 822 4238 eorum
842 4179 1022 4239 ambitiosam
1042 4181 1236 4239 curiositatem
1254 4196 1301 4239 re·

130 4275 284 4363 dargntam
298 4292 420 4346 constat.
450 4287 490 4345 Et
503 4290 569 4360 post
583 4285 674 4346 multa
693 4286 748 4344 hac
767 4285 902 4344 coronide
922 4285 1086 4344 concionem
1107 4285 1217 4342 clausit.
1248 4285 1302 4342 Ni·

128 4391 171 4451 hil
186 4407 249 4452 esse
265 4387 409 4450 audinsse
423 4389 549 4464 verbnm,
573 4392 718 4454 nisiintus
734 4391 874 4449 inanimo
890 4390 1006 4462 spiritus
1021 4403 1044 4447 s.
1061 4389 1154 4462 gratia
1175 4387 1302 4464 anditum

107 4533 110 4549 ι
129 4500 245 4572 vegetet
267 4501 297 4556 et
318 4493 421 4554 ioteat.
459 4494 588 4574 Adduxit
610 4500 639 4554 et
653 4495 821 4569 ¹exemplum
844 4494 970 4568 deipara
994 4493 1126 4567 virginis,
1151 4490 1303 4565 quae'cum
