3020 5112
773 417 835 483 192

219 597 340 681 lomenti
360 605 511 679 petituros
557 601 678 674 Insuper
699 599 804 672 hospes
817 615 879 658 -nos
902 599 1022 658 iuterim
1041 597 1095 658 illo.
1113 599 1217 680 magis-
1230 599 1317 659 noxio
1339 593 1396 658 ulli

219 710 343 769 mnne
357 709 401 770 bis
414 707 518 782 posita
535 705 578 783 (iu
594 720 651 777 qua
665 708 761 764 mmen
780 719 858 762 mors
878 719 940 762 esse
959 703 1077 778 dicitur)
1099 704 1232 776 donarit,
1256 721 1311 762 nec
1333 719 1396 763 uon

219 821 249 874 et
262 812 362 875 libello
378 811 512 885 Casperis
524 810 673 882 Huberini,
689 809 882 868 continentem
897 809 1080 885 septuaginta
1096 809 1168 878 duas
1183 809 1394 880 conclusiones,

220 918 322 992 quibus
337 921 438 976 contra
452 915 638 974 interimistas
652 919 793 986 utramque
809 915 932 986 speciem
943 913 1115 973 sacramenti
1128 913 1273 987 probavit.
1296 904 1395 974 Ambo

218 1021 286 1082 libri
300 1019 337 1080 ab
351 1036 409 1078 uuo
425 1019 582 1105 eodemque
596 1017 776 1092 typographo
783 1017 922 1091 Augustae
936 1019 967 1077 in
981 1019 1037 1077 hoe
1046 1033 1143 1078 meuse
1152 1017 1240 1076 Jnnio
1256 1019 1394 1090 impressi

220 1129 312 1185 erant.
343 1125 383 1184 Et
397 1139 433 1182 ne
448 1123 516 1197 quid
531 1120 769 1182 molestimnobis
783 1123 915 1196 deesset,
938 1122 1037 1182 eadem
1059 1138 1173 1195 quoque
1194 1123 1394 1183 Pederborme

220 1231 371 1305 episcopus
387 1229 517 1302 querelas
533 1245 600 1286 suas
615 1227 875 1300 redintegraverat,
899 1243 971 1300 quas
986 1227 1136 1286 concilium
1151 1227 1301 1300 imperiale
1322 1227 1396 1286 Phi·

219 1334 298 1409 lippo
313 1340 343 1393 et
356 1334 471 1393 Eubulo
485 1349 538 1408 per
552 1305 701 1391 ostiarium
716 1345 837 1388 camere
852 1331 1009 1406 imperialis
1024 1333 1192 1390 transmisit.

308 1439 367 1512 xxij
382 1439 463 1497 lunii
476 1435 624 1499 Masculus
639 1421 714 1495 ads.
724 1435 892 1494 Mauritinm
907 1452 946 1495 er·
958 1452 1020 1512 cap.
1040 1435 1210 1494 reboamus
1224 1434 1287 1493 bac
1303 1434 1395 1513 verba

221 1543 306 1618 legit:
335 1542 385 1602 «Si
400 1559 458 1600 non
472 1528 613 1599 venissem
628 1543 658 1598 et
671 1539 783 1608 locutus
798 1537 915 1599 fuissem
929 1541 985 1615 eis,
1008 1543 1156 1615 peccatum
1168 1557 1227 1599 nou
1241 1539 1392 1598 baberent.

220 1646 305 1708 Nunc
320 1650 416 1706 antem
431 1661 489 1703 non
503 1643 626 1718 habeut,
649 1643 728 1716 quod
742 1649 902 1716 praetexant
915 1650 1032 1718 peccato
1047 1661 1108 1704 sno.
1140 1645 1255 1716 Qoi‘me
1271 1644 1347 1718 odit,
1367 1645 1393 1702 is

222 1757 252 1810 et
266 1757 377 1825 patrem
391 1761 485 1809 meum
501 1750 580 1808 odit»
594 1753 647 1808 etc.
671 1749 727 1806 Hic
740 1747 948 1821 precedentem
963 1751 1133 1809 sententiam
1147 1751 1272 1824 repetiit,
1290 1745 1391 1808 dicens

220 1860 355 1929 oportere
375 1851 528 1928 diligenter
548 1859 703 1924 sementem
722 1853 769 1910 bic
789 1863 826 1910 ex
845 1854 936 1926 paleis
954 1836 1113 1916 ventilabro
1135 1859 1279 1924 excutere.
1312 1853 1391 1926 Quid

221 1959 333 2033 odium,
358 1959 426 2032 quid
442 1959 603 2031 persecutio
619 1959 657 2017 sit
672 1963 772 2030 etquo
789 1956 918 2016 Obristus
938 1959 999 2017 baec
1020 1959 1077 2018 duo
1098 1959 1230 2034 degerat,
1254 1957 1392 2016 nimirum

221 2064 252 2121 in
266 2045 466 2136 ignorantiam.
489 2061 653 2121 Videndum
668 2067 764 2120 autem
777 2063 828 2135 ait,
844 2077 973 2135 nequem
980 2078 1196 2137 persequemur,
1211 2063 1267 2121 nisi
1284 2063 1335 2136 qui
1351 2061 1390 2120 ob

203 2157 204 2160 '
220 2146 332 2242 insigne
347 2166 464 2240 aliquod
477 2163 587 2225 facinus
602 2167 667 2225 odio
682 2149 784 2240 dignus
799 2165 956 2224 censendus
971 2167 1022 2239 sit,
1038 2172 1068 2226 et
1080 2167 1112 2226 id
1126 2184 1184 2227 non
1199 2167 1254 2226 nisi
1267 2168 1388 2240 negritu

221 2289 316 2333 causa.
347 2271 387 2330 At
402 2247 573 2332 uuucmulti
587 2275 670 2346 suut,
692 2273 741 2343 qui
755 2269 884 2328 baeretici
904 2269 1063 2330 doctrinam
1082 2270 1185 2330 falsam
1207 2287 1269 2334 esse
1289 2272 1388 2330 clami-

219 2382 292 2450 tant,
309 2391 372 2434 cum
380 2380 476 2434 tamen
484 2370 538 2446 ipsi
549 2390 611 2434 eam
622 2375 669 2460 vel
682 2375 779 2449 legere
793 2375 839 2433 vel
854 2375 955 2434 audire
968 2372 1069 2450 uobut,
1086 2377 1154 2450 quia
1168 2393 1228 2436 noo
1240 2381 1387 2456 noverunt

219 2496 266 2538 me
286 2494 379 2552 neque
402 2493 466 2536 eum
487 2479 537 2550 qui
558 2479 636 2536 misit
656 2495 701 2537 me
724 2485 779 2538 etc.
816 2479 872 2540 Hic
893 2478 1023 2539 Christus
1044 2481 1162 2554 exponit
1181 2481 1385 2554 ignorantiam,

220 2584 290 2644 dicit
302 2581 418 2644 Judaeos
433 2599 492 2641 non
506 2583 618 2642 novisse
633 2599 706 2642 eum.
737 2584 811 2644 Nam
827 2585 904 2657 quod
916 2583 1088 2644 Nicodemus
1103 2585 1157 2642 ait:
1182 2585 1292 2644 Scimus
1308 2585 1388 2657 quod

220 2687 316 2747 aDeo
332 2687 458 2760 exivisti,
479 2686 629 2761 magister,
650 2693 714 2746 erat
728 2688 841 2761 quidem
856 2685 976 2761 alicujus
991 2689 1133 2763 scientie,
1150 2707 1208 2748 nou
1221 2695 1319 2749 autem
1335 2691 1390 2748 sci·

222 2792 301 2865 ebat,
323 2791 400 2864 quod
415 2792 439 2848 is
454 2796 531 2850 esset
546 2790 676 2850 Christus
690 2793 739 2850 ille
754 2809 772 2850 a
786 2797 869 2865 patre
883 2791 985 2851 missus
1000 2793 1030 2850 iu
1045 2794 1112 2868 boc,
1134 2800 1167 2852 ut
1180 2810 1234 2867 per
1248 2795 1345 2867 ipsum
1360 2799 1390 2852 et

219 2881 251 2954 iu
264 2896 319 2955 hoc
332 2911 391 2954 uno
406 2896 529 2966 salutem
544 2901 795 2970 consequerentur.
827 2897 976 2956 Praeterea
990 2898 1129 2971 perpauci
1141 2898 1172 2956 in
1190 2899 1245 2956 bac
1267 2899 1390 2958 scicntia

219 2999 377 3062 Nicodemo
396 3000 503 3058 similes
522 2998 651 3073 luerunt,
678 3003 767 3060 ceteri
787 3001 872 3074 hrrjus
897 2999 1004 3061 Christi
1027 3003 1142 3062 omniuo
1165 3003 1305 3062 rationem
1331 3019 1388 3062 uon

220 3103 393 3184 habuerunt.
432 3105 488 3176 Qui
509 3121 578 3164 sero
598 3105 680 3164 initia
701 3105 787 3178 hrijus
808 3105 999 3164 Nicodemicae
1018 3107 1131 3166 noticia
1152 3107 1332 3180 babuerunt,
1358 3105 1390 3164 hi

220 3205 416 3282 profecerunt,
440 3207 490 3266 alii
504 3224 561 3266 non
576 3211 653 3268 item.
684 3210 739 3268 Hic
751 3214 850 3288 'autem
865 3211 957 3269 oritur
977 3212 1113 3296 quaestio,
1138 3226 1206 3268 num
1224 3211 1390 3284 ignorantia

221 3317 345 3370 excuset.
376 3312 430 3369 Est
444 3310 557 3384 quidem
572 3313 749 3388 ignorantia,
766 3331 831 3387 quae
846 3315 1057 3386 quodammodo
1073 3315 1241 3374 excusabilis
1256 3321 1388 3388 apparet,

221 3409 255 3474 ut
268 3415 377 3473 Paulus
392 3415 446 3490 ait:
471 3416 642 3488 Ignoranter
656 3411 725 3492 leci,
743 3425 861 3492 propter
876 3420 954 3492 quod
969 3424 998 3478 et
1012 3419 1238 3478 misericordiam
1252 3435 1387 3478 consecu-

221 3524 268 3606 tus
283 3535 354 3577 sum.
385 3519 507 3578 Planum
523 3525 567 3577 est
582 3521 670 3594 enim,
695 3523 772 3594 quod
783 3523 894 3582 'Paulus
909 3524 970 3583 zelo
990 3523 1195 3601 quodamhaec
1216 3525 1390 3584 commiserit

222 3629 277 3684 ete.
307 3623 362 3682 Est
376 3628 472 3684 autem
489 3625 596 3698 duplex
610 3620 785 3700 ignorantia:
809 3645 868 3686 una
883 3643 996 3702 eornm,
1019 3628 1056 3688 ad
1078 3645 1150 3702 quos
1170 3629 1251 3690 verbi
1271 3629 1389 3688 aunum

221 3745 279 3789 non
293 3730 423 3801 pervenit
437 3734 488 3788 aut
503 3729 607 3802 quibus
622 3728 693 3796 illud
706 3732 754 3790 vel
768 3731 864 3806 legere
885 3731 931 3791 vel
951 3733 1050 3792 audire
1070 3749 1127 3792 non
1146 3733 1335 3806 permittitur,
1360 3738 1389 3792 et

221 3833 360 3906 ejusmodi
381 3822 513 3892 homines
531 3835 628 3908 aliqua
647 3836 760 3894 ratione
779 3835 959 3917 excusabiles
978 3838 1120 3898 viderim.
1151 3839 1208 3897 Hic
1227 3837 1386 3910 interjecit:

222 3933 280 4006 (lnr
293 3951 362 3993 vero
376 3936 480 3994 nolunt
499 3938 596 4012 legere
616 3940 662 3998 vel
683 3941 784 3999 audire
803 3939 929 4014 alioqui?
953 3941 1067 4019 (taraus
1089 3959 1238 4016 caesarem,
1262 3943 1312 4015 qui
1333 3941 1390 4000 sibi

222 4037 334 4112 quidvis
350 4042 498 4113 praescribi
513 4061 531 4102 a
545 4042 698 4118 pontificiis
717 4043 806 4121 sinit).
837 4029 939 4132 Altera
958 4047 1129 4132 ignorantia!
1140 4053 1184 4108 est
1197 4063 1314 4120 eorum,
1339 4043 1389 4120 qui

221 4143 360 4214 suadente
375 4133 490 4207 malitia
500 4147 644 4208 Christum
660 4154 689 4208 et
703 4150 823 4209 verbum
837 4140 897 4224 ejus
913 4151 1013 4210 audire
1028 4158 1058 4230 et
1076 4154 1149 4212 scire
1159 4154 1283 4227 nolunt,
1308 4160 1339 4212 et
1357 4153 1389 4210 bl

220 4250 349 4308 ex‘omni
363 4255 446 4323 parte
463 4233 636 4332 damnabiles
652 4259 726 4312 sunt.
752 4254 836 4326 Quod
851 4260 947 4330 autem
958 4257 1249 4329 ¹ignorantialudaeos
1264 4274 1322 4317 uon
1338 4275 1386 4340 ex-

212 4358 309 4425 cuset,
325 4353 433 4428 liquido
449 4372 485 4415 ex
499 4357 594 4416 verbis
611 4356 717 4416 Christi
731 4363 824 4433 patet:
849 4361 881 4420 Si
895 4377 953 4436 nou
973 4363 1114 4422 venissem
1132 4368 1162 4423 et
1180 4363 1292 4422 locutus
1314 4361 1386 4422 luis·

220 4458 336 4516 semeis
352 4463 405 4518 etc.
436 4460 510 4519 Nam
526 4459 656 4520 Christus
671 4463 765 4535 palam
780 4463 811 4522 in
824 4465 991 4542 synagogis,
1015 4459 1167 4540 tempiset
1187 4467 1274 4542 apud¹
1285 4468 1387 4528 turbas
