3054 5110
235 571 272 632 de
285 585 319 630 ec
334 576 502 642 metuamus,
519 569 571 630 sed
585 571 728 632 constanti
743 565 800 630 fide
814 570 845 628 in
856 567 969 630 Christo
985 567 1100 629 diaholo
1115 569 1291 632 resistamus.
1322 569 1406 643 Item,

233 676 271 736 de
284 693 328 748 eo,
345 676 423 750 quod
438 673 567 736 Christus
582 675 706 736 dixerat:
725 674 803 765 »Sed
817 680 851 734 nt
863 675 985 736 muudus
1001 679 1163 750 cognoscat,
1179 675 1256 748 quod
1271 689 1326 749 ego
1342 673 1406 734 dili·

234 787 457 855 compatrem«,
477 781 564 854 iussit
579 786 609 839 et
623 785 675 842 nes
690 781 820 840 similiter
840 782 980 842 animatos
1001 797 1073 841 csse.
1102 780 1132 840 Si
1152 781 1194 840 ita
1208 779 1324 840 domino
1344 779 1406 852 pla·

234 886 321 946 citum
335 884 431 959 luerit,
455 891 488 945 nt
506 901 620 946 crucem
639 884 773 958 feramus,
798 885 897 946 demus
917 901 1044 958 operam,
1068 901 1105 944 ne
1124 885 1220 944 animo
1239 890 1406 944 consterne-

234 1008 306 1064 mur,
330 991 381 1052 sed
395 989 453 1052 lide
467 993 555 1052 erecti
570 1006 622 1050 nos
636 991 709 1052 teies
725 989 914 1066 praebeamus,
938 993 987 1065 qui
1007 991 1102 1051 omnia
1121 995 1151 1050 et
1170 987 1266 1060 lacere
1285 995 1316 1049 ct
1329 988 1407 1048 ferre

234 1097 393 1172 cupiamus,
417 1113 474 1170 qno
496 1096 602 1156 mundo
624 1101 759 1158 testatum
780 1094 845 1168 fiet,
869 1111 921 1156 nos
947 1100 977 1154 et
999 1095 1075 1155 hunc
1096 1095 1239 1156 dominum
1259 1111 1357 1155 amere
1378 1100 1408 1153 et
1512 1075 1513 1144 j

235 1203 296 1276 ejus
312 1202 407 1278 grapa
422 1202 526 1273 omnia,
551 1217 615 1274 quse
630 1202 707 1262 illius
722 1202 843 1276 glorium
857 1185 1042 1274 concernunt,
1066 1203 1178 1276 perpeti
1197 1202 1405 1274 paratissimos.

234 1305 318 1378 Num,
341 1307 443 1378 inquit,
467 1308 491 1366 si
510 1306 544 1378 is,
569 1307 617 1382 qni
636 1307 803 1380 imperatori
822 1305 899 1368 fidus
916 1307 1008 1367 rideri
1027 1306 1097 1378 vult,
1121 1307 1227 1378 omnia,
1249 1307 1281 1364 in
1303 1305 1406 1380 quibus
1512 1383 1513 1388 ἵ

233 1411 401 1486 imperatori
415 1427 524 1470 morem
539 1427 570 1470 se
584 1427 686 1484 gerere
701 1429 785 1488 pesse
800 1413 967 1486 arbitratur,
991 1419 1021 1473 et
1035 1409 1135 1482 suffert
1155 1409 1274 1482 etfacit,
1299 1415 1329 1470 et
1345 1411 1406 1483 eius

234 1531 266 1576 se
287 1517 409 1575 amicum
428 1515 475 1575 rel
495 1515 628 1574 clientem
647 1515 768 1592 letetur,
792 1523 899 1592 quanto
922 1518 1013 1592 magis
1033 1517 1137 1576 idmos
1157 1520 1297 1590 praestare
1319 1513 1405 1574 debe-

234 1637 305 1692 mus,
329 1621 379 1692 qui
398 1620 535 1682 hahemus
558 1623 703 1682 dominum
717 1623 736 1682 J
737 1639 816 1684 mum
829 1623 926 1682 multis
940 1621 1160 1696 imperatoribus
1174 1621 1321 1693 maiorem,
1344 1635 1405 1676 ma·

234 1725 308 1784 xime
328 1741 391 1784 cum
411 1725 491 1800 impii
510 1732 681 1800 potestatem
702 1743 789 1802 super
810 1733 918 1790 sortem
935 1728 1079 1801 justorum
1100 1741 1158 1784 non
1181 1725 1316 1784 habeant.
1342 1722 1408 1780 Etsi
1425 1777 1426 1780 ,

235 1845 287 1890 nos
309 1830 339 1890 in
361 1829 476 1890 exilium
497 1832 541 1890 ire
565 1839 679 1906 cogant,
702 1831 740 1891 ab
763 1846 854 1892 uxore
881 1837 910 1890 et
931 1831 1029 1891 liberis
1056 1830 1183 1892 avellant
1204 1833 1258 1890 etc.
1282 1828 1418 1901 deniqne.

235 1933 279 1994 rel
300 1935 388 1996 vitam
410 1937 546 2008 eripient,
570 1936 641 1996 nihil
659 1941 756 1996 tamen
777 1937 809 1994 iu
830 1937 955 1996 animem
980 1937 1027 1997 rel
1048 1936 1169 1996 sunam
1191 1940 1320 1994 nostram
1341 1949 1408 2007 pos·

235 2045 302 2100 sunt
320 2045 374 2100 etc.
407 2041 458 2100 'De
477 2040 579 2103 horum
600 2041 753 2102 uerborum
775 2042 988 2116 explanatione,
1013 2042 1121 2100 scilieet
1141 2041 1242 2100 >Sicut
1260 2039 1408 2100 mandarit

219 2142 303 2206 'mihi
317 2151 410 2221 peter,
426 2145 615 2218 cicladum«,
631 2146 672 2206 eit
687 2162 718 2206 se
731 2147 763 2204 in
778 2162 839 2222 cap.
857 2149 876 2206 8
890 2137 976 2222 'hauns
991 2147 1175 2221 euangelistae
1189 2147 1274 2219 plura
1289 2145 1406 2217 dixisse,
1512 2153 1513 2156 ’

230 2249 337 2323 jubens
357 2254 463 2322 tamem
487 2257 528 2322 ut,
553 2252 576 2308 si
597 2249 691 2310 Deum
712 2251 831 2325 diligere
850 2253 979 2326 uelimus,
1004 2268 1068 2326 que
1087 2251 1158 2312 deus
1173 2251 1355 2324 preceperit,
1378 2255 1408 2310 et
1512 2291 1513 2316 ,

233 2352 378 2417 faciamus.
417 2355 524 2427 Sciens,
540 2355 642 2430 inquit,
663 2356 804 2441 dominus,
826 2373 911 2430 quem
925 2359 1059 2432 princeps
1073 2357 1158 2430 hujus
1172 2355 1271 2414 mundi
1286 2355 1316 2414 in
1331 2353 1409 2414 Jude

235 2465 264 2520 et
279 2475 338 2518 suoe
353 2461 439 2520 sortis
454 2460 614 2522 hominibus
629 2458 754 2534 fureret,
778 2463 833 2522 ait:
858 2462 985 2537 Surgite,
1005 2477 1107 2522 ¹eternus
1119 2461 1194 2526 hinc.

322 2566 385 2626 Hae
405 2565 452 2626 die
471 2564 542 2626 nihil
562 2567 743 2628 sollicitatum
763 2572 817 2642 est,
841 2583 878 2628 ne
898 2569 1013 2629 onerosi
1027 2572 1078 2628 aut
1091 2566 1178 2626 toedio
1199 2565 1299 2626 aulicis
1322 2565 1407 2624 semi·

236 2670 296 2733 deis
311 2687 445 2732 essemus.

322 2775 433 2837 Eadem
445 2777 476 2836 in
490 2779 598 2852 palatio
614 2779 735 2840 deseris
749 2795 802 2840 rex
816 2779 1017 2840 Ferdinandus
1033 2785 1062 2840 et
1076 2777 1209 2840 advocati
1223 2777 1303 2840 ducis
1315 2777 1407 2838 Udal-
1425 2797 1429 2804 ·

233 2881 286 2942 rici
300 2899 398 2944 eorem
411 2885 606 2959 imperialibus
622 2885 793 2948 consiliariis
808 2883 981 2960 praesidente
1002 2883 1216 2958 mehiepisoopc
1236 2881 1408 2944 Coloniense

120 2977 127 2989 ’
235 3003 335 3049 musas
350 2989 484 3062 agebant.

322 3093 446 3154 Domine
464 3096 548 3169 Jesn,
573 3096 623 3170 qni
642 3111 673 3155 es
692 3094 835 3170 ipsissima
853 3094 974 3168 veritas,
997 3100 1030 3154 tn
1051 3111 1121 3155 rere
1140 3095 1246 3167 dixisti,
1270 3111 1324 3154 nos
1346 3095 1408 3154 sine

234 3203 264 3258 te
278 3199 349 3258 nihil
363 3207 456 3272 posse.
488 3200 579 3274 Quam
594 3201 630 3260 ob
645 3215 706 3258 rem
720 3198 866 3258 humiliter
884 3205 913 3260 te
933 3200 1128 3273 deprecamur,
1152 3205 1185 3259 ut
1205 3199 1294 3260 dones
1308 3199 1364 3260 tibi
1377 3201 1408 3258 in

235 3304 365 3365 omnibns
385 3305 504 3366 obedire
523 3311 553 3366 et
572 3305 625 3366 tibi
647 3303 700 3364 soli
721 3304 813 3364 inniti.
851 3303 973 3366 (lausum
989 3303 1109 3366 deiende
1124 3310 1212 3378 tuam
1235 3309 1287 3366 tua
1301 3306 1407 3380 gloria,

235 3407 361 3483 Christe,
385 3412 490 3470 vincat.

172 3561 175 3568 .
278 3538 280 3541 ’
323 3515 433 3590 vMoji
451 3517 482 3576 in
500 3515 609 3589 templo
628 3515 830 3576 observantem
849 3513 877 3572 d.
898 3513 1067 3576 Leonardus
1086 3515 1201 3580 familiae
1221 3516 1408 3578 concionatus
1512 3535 1513 3552 ι

235 3625 336 3680 estex
358 3637 426 3695 cap.
446 3623 487 3681 28
509 3620 629 3692 March,
654 3619 787 3679 nhnirum
809 3618 845 3678 de
860 3619 908 3714 'his
930 3619 1040 3680 verbis:
1062 3621 1102 3680 Et
1120 3622 1190 3681 exiit
1211 3637 1305 3681 sermo
1328 3621 1409 3696 apud
1512 3629 1513 3632 ’

235 3725 367 3799 Jndoeos,
384 3741 475 3800 usque
493 3725 524 3784 in
542 3724 720 3784 hodiernum
732 3723 808 3784 diem
828 3705 881 3782 et'c.
911 3723 1051 3798 Audistis,
1073 3726 1174 3800 inquit,
1199 3725 1408 3786 nudiustertius

235 3836 265 3890 et
277 3831 414 3905 perendie
430 3831 466 3890 de
480 3829 641 3903 pervicacia
654 3828 822 3892 ludaeorum
837 3833 866 3888 et
880 3828 1001 3890 militum
1019 3845 1133 3905 quoque
1147 3829 1258 3904 perfida
1272 3832 1407 3904 avaritia,

235 3937 285 4011 qui
298 3941 415 4010 accepta
429 3935 564 4010 pecunia,
587 3939 621 3994 ut
640 3951 659 3994 e
678 3933 778 3994 scribis
799 3939 828 3994 et
842 3933 997 3996 Pharisaeis
1018 3935 1112 3996 edocti
1132 3943 1223 4010 erant,
1247 3936 1325 3998 hunc
1343 3953 1407 3997 ser·

229 4057 347 4102 *monem
362 4045 543 4114 sparserunt,
567 4055 664 4114 qnam,
687 4041 817 4115 inquam,
841 4039 1021 4102 sermonem?
1043 4041 1177 4100 nimirum
1195 4041 1295 4114 talem,
1320 4039 1407 4100 disci·

235 4146 324 4222 pulos.
342 4143 496 4206 suffuratos
520 4161 582 4206 esse
602 4151 689 4207 noctu
708 4162 813 4222 corpus
833 4145 940 4206 domini
958 4145 1037 4209 Jesu.
1077 4142 1132 4226 Qui
1152 4163 1246 4206 sermo
1270 4153 1299 4206 et
1321 4163 1410 4221 quam

235 4250 395 4313 nerisimilis
411 4251 457 4323 sit,
481 4251 600 4312 audistis
620 4248 715 4326 etiam,
740 4255 883 4316 ettamen
902 4250 955 4326 hie
968 4265 1061 4310 sermo
1080 4251 1159 4328 apud
1178 4252 1297 4312 Judaeos
1316 4252 1410 4312 obsti.

236 4361 333 4430 natos,
357 4373 415 4417 non
436 4355 513 4432 apud
535 4356 710 4417 Christianos
731 4355 897 4430 permansit.
944 4354 1027 4428 Quod
1049 4361 1144 4415 autem
1165 4356 1229 4416 haec
1250 4356 1410 4416 Matthaeus
1512 4373 1513 4376 ¹

237 4462 411 4537 evengelista
429 4468 489 4524 tam
509 4462 623 4530 disertis
644 4460 740 4522 serbis
764 4459 892 4520 indicere
918 4460 1055 4534 voluerit,
1078 4461 1145 4522 ideo
1164 4459 1271 4524 fectum
1293 4466 1351 4535 est,
1375 4465 1410 4521 ut
1512 4489 1513 4494 ι
