3020 5112
660 429 726 532 aar

106 647 184 709 felici
200 663 297 708 rernm
312 663 444 706 successu
459 651 489 706 et
503 645 610 708 invidia
629 663 688 708 non
708 649 799 708 solum
819 649 908 710 oculs
926 650 1059 726 lippiunt,
1084 651 1135 711 sed
1150 653 1279 713 omnibus

13 759 14 770 ¹
110 757 199 832 talpis
215 761 244 814 et
258 755 376 814 Tiresiis
392 755 559 812 caecntiores
574 759 649 813 sunt.
673 755 847 827 Recordare,
865 755 987 830 domiue,
1004 761 1033 816 ct
1047 759 1158 832 respice
1173 773 1278 833 oppro-

108 861 204 920 brium
219 877 370 920 servorum
385 866 513 934 tucrum,
529 858 670 918 humiliati
687 861 762 918 enim
777 875 873 918 sumus
888 862 984 936 nimis,
1007 866 1040 920 nt
1062 863 1132 935 qnid
1145 861 1279 936 blasphe-

109 972 208 1026 matur
221 981 325 1025 nomen
345 969 425 1024 tuum
440 981 498 1024 non
512 965 604 1024 solum
618 965 695 1024 inter
708 972 823 1040 gentes,
849 983 913 1040 quae
936 985 994 1028 uon
1016 973 1158 1028 noverunt
1177 985 1281 1029 nomen

107 1078 205 1146 tuum,
221 1071 274 1130 sed
288 1072 364 1130 inter
378 1077 408 1129 et
422 1069 459 1129 ab
473 1067 526 1145 iis,
543 1071 593 1142 qui
607 1075 714 1143 tecum,
739 1074 852 1131 creator
866 1071 932 1130 coeli
947 1076 977 1130 ιι
989 1076 1090 1148 terrae,
1113 1073 1235 1133 divisum
1249 1085 1281 1132 se

108 1177 260 1251 imperium
273 1175 382 1237 habere
393 1179 506 1250 putant,
521 1175 746 1246 contaminantes
761 1178 928 1252 sanguinem
943 1176 1109 1238 crucifixiin
1123 1195 1175 1238 sna
1189 1181 1279 1252 stupi-

109 1281 227 1340 dissima
243 1282 383 1355 sapientia
398 1281 564 1358 gloriantes.
603 1280 745 1340 Converte
765 1286 794 1340 et
815 1287 925 1358 everte,
945 1283 1072 1359 domine,
1096 1289 1178 1358 pater
1194 1284 1279 1344 coele·

109 1388 171 1461 stis,
196 1403 249 1460 per
264 1385 409 1446 Christum
423 1386 442 1445 J
444 1403 522 1446 esum
537 1386 682 1446 dominnm
696 1393 835 1446 nostrum.
858 1388 960 1448 Amen.

203 1491 267 1550 Hac
282 1490 328 1550 die
342 1491 451 1550 nullum
466 1507 502 1550 ex
516 1491 655 1551 Wimaria
670 1491 802 1552 nuncium
817 1495 904 1556 venit.

201 1613 221 1654 x
236 1597 296 1656 Juli
316 1597 480 1657 volebamus
501 1597 617 1670 quidem
630 1597 898 1672 Blanckenburgum
918 1600 977 1674 ire,
1001 1615 1101 1659 rernm
1116 1600 1179 1658 aliis
1195 1614 1282 1673 nego-

110 1702 163 1761 cris
179 1701 308 1776 impediti
323 1716 429 1760 sumus.
468 1702 640 1762 Volebamus
654 1702 722 1761 item
737 1703 888 1778 intemplo
904 1703 1001 1776 oppidi
1017 1719 1053 1763 er
1066 1703 1186 1763 vetustis
1200 1703 1286 1762 libris

109 1811 297 1865 monumenta
312 1807 444 1879 quaedam
459 1808 614 1882 expiscari,
638 1823 737 1866 verum
752 1807 853 1880 quiea
872 1807 1032 1866 senioribus
1052 1809 1169 1866 seclusae
1189 1814 1281 1881 erant,

109 1911 341 1995 ludimagistrum
356 1913 534 1987 rogavimm,
554 1917 587 1971 ut
605 1914 654 1972 iile
674 1913 770 1987 petitis
785 1910 912 1971 clavibus
926 1909 1065 1969 librorum
1079 1913 1186 1986 primas
1200 1913 1280 1985 pagi·
1380 1903 1382 1906 ’

110 2033 165 2078 nas
181 2017 337 2090 inspiceret
351 2033 385 2077 ae
399 2018 491 2090 nobis,
502 2017 532 2092 si
548 2017 616 2092 qnid
631 2019 773 2078 inveniret
788 2015 936 2091 ejusmodi,
952 2017 1102 2076 indicaret.

202 2121 332 2182 Vidimus
352 2123 383 2180 in
406 2121 511 2199 oppido
532 2122 609 2182 aedes
625 2123 670 2201 (ut
684 2119 800 2196 vocant)
815 2121 1010 2196 parrochiales
1025 2121 1163 2181 habentes
1185 2120 1281 2180 hiber·

112 2227 217 2288 nacula
232 2225 389 2299 duodecim,
398 2226 517 2286 cellans
531 2228 730 2288 concamerata
744 2228 808 2302 plus
823 2227 915 2285 minus
929 2243 981 2286 sex
994 2228 1042 2286 vel
1054 2233 1173 2300 septem,
1189 2227 1283 2286 aulam

113 2337 144 2392 ιι
157 2331 277 2405 culinas,
294 2347 358 2405 quae
373 2333 419 2390 vel
433 2332 556 2406 principi
571 2331 745 2406 sufficerent,
766 2337 853 2406 atque
868 2318 931 2391 hmo
945 2338 1012 2392 ante
1027 2337 1193 2393 renovatam
1207 2347 1283 2404 prse-

113 2437 288 2496 dicationem
308 2437 448 2511 evangelii
472 2435 552 2496 sedes
572 2435 628 2495 fuit
646 2438 904 2513 archipresbyteri,
926 2455 990 2512 quae
1005 2440 1129 2513 dignitas
1144 2442 1210 2512 post
1224 2435 1283 2496 sui·

114 2541 285 2616 haganeum
301 2547 330 2601 ιι
345 2539 496 2627 officialem
510 2540 736 2602 Erffurdiensem
751 2544 781 2602 in
795 2548 889 2602 tractu
905 2542 1126 2603 Orlsmnndensi
1145 2545 1221 2602 inter
1234 2560 1285 2615 pa.

115 2647 234 2721 pisticus
256 2648 350 2720 prima
369 2645 438 2724 init,
467 2653 496 2706 et
518 2647 556 2707 ad
577 2649 652 2707 hunc
670 2634 844 2720 parroohnm
858 2648 951 2722 primo
972 2647 1176 2708 deserebantur
1190 2664 1284 2708 caussa

114 2753 274 2813 vicinorum
288 2753 469 2813 sacerdotum
484 2759 538 2813 etc.

188 2857 238 2915 -A'
246 2835 368 2931 prandio
387 2858 418 2916 in
437 2857 600 2917 nemoribus
623 2863 704 2931 trans
725 2857 915 2918 Schwartzam
934 2867 1046 2918 amnem
1068 2837 1182 2918 vernatio
1205 2858 1285 2918 insti·v

115 2967 180 3022 tuta
194 2969 266 3023 erat.
305 2963 380 3036 Quia
400 2980 469 3022 vero
488 2963 579 3038 ms'p'or
594 2979 662 3045 pars
677 2961 806 3022 meridiei
827 2963 1008 3035 praeterierat
1026 2968 1056 3022 et
1070 2963 1145 3022 retis
1159 2961 1285 3021 nondum

115 3073 201 3128 tensa
216 3076 299 3129 erant
314 3075 343 3129 et
357 3068 539 3129 metuebatur
553 3071 733 3128 venationem
748 3069 779 3126 in
793 3069 912 3128 multam
922 3073 1034 3127 nomem
1048 3071 1224 3142 protractam
1239 3067 1284 3141 iri,

116 3189 191 3234 uxor
207 3180 236 3234 et
249 3175 418 3248 Margareta
433 3173 469 3233 de
484 3173 654 3234 Wildeuiels
673 3173 821 3234 nobiscum
842 3173 879 3233 ad
900 3173 1049 3234 visendum
1063 3172 1295 3265 Blanclrenburgx

118 3279 306 3340 diverterunt.
350 3279 404 3338 Est
430 3283 526 3338 autem
549 3279 755 3355 Blankenburg
782 3297 835 3340 arx
861 3285 973 3340 vetusta
1002 3281 1084 3340 sedes
1113 3279 1245 3339 comitum
1269 3293 1287 3337 a

119 3384 351 3460 Schwartzburg,
368 3387 433 3446 sita
447 3385 477 3442 in
492 3386 599 3444 vertice
614 3387 753 3445 altissima
771 3385 888 3461 montis,
913 3385 950 3444 ad
964 3386 1113 3459 utriusque
1128 3385 1231 3444 montis
1246 3385 1287 3444 la·

118 3496 165 3549 tna
188 3492 292 3551 vinetis
314 3485 450 3566 superba,
476 3495 658 3564 conspectum
685 3490 793 3550 habens
822 3491 1053 3551 amoenissimum.
1100 3490 1148 3551 Ad
1175 3490 1287 3549 radices

119 3598 224 3655 montis
236 3591 339 3656 'civitas
354 3601 398 3654 est
412 3595 538 3668 ejusden
553 3611 616 3653 cum
629 3611 695 3654 arce
710 3598 840 3655 nominis.
863 3597 934 3654 Haeo
948 3598 1057 3656 recenti
1070 3595 1215 3654 hominum
1228 3611 1287 3653 me·

119 3701 212 3760 moria
225 3708 271 3761 ter
280 3699 510 3776 conflagratione
524 3716 598 3774 pene
613 3701 709 3775 periit,
722 3705 751 3759 et
766 3715 829 3758 cum
844 3701 969 3760 secundo
984 3700 1046 3761 iere
1061 3717 1097 3760 ex
1111 3701 1224 3774 integro
1240 3715 1286 3756 re·

119 3803 262 3866 aedificata
286 3811 374 3880 esset,
399 3805 551 3865 subitanea
571 3803 794 3878 conflagratione
812 3807 916 3864 iterum
935 3807 1082 3867 combusta
1097 3813 1148 3866 est.
1187 3805 1288 3864 Tertio

119 3929 190 3972 uero
204 3912 282 3971 idem
296 3927 433 3986 perpessa
453 3911 603 3992 clementia
623 3911 714 3970 soceri
734 3910 826 3968 nostri
845 3911 955 3969 comitis
977 3909 1230 3984 techna-trama
1245 3912 1288 3969 in·

120 4017 204 4091 colis,
221 4033 278 4090 quo
292 4017 382 4075 levius
397 4013 567 4075 reaedificari
581 4015 649 4074 urbs
665 4019 771 4089 posset,
795 4013 1049 4088 omnes‘redditus,
1082 4015 1179 4075 dehita
1194 4019 1223 4073 et
1237 4017 1289 4074 tri-

120 4121 192 4182 buta
206 4123 237 4182 in
252 4115 431 4197 septennium
446 4121 567 4180 remissa
581 4126 656 4194 sunt,
678 4137 735 4194 qua
750 4119 786 4178 de
802 4135 888 4178 causa
903 4125 932 4178 et
944 4118 1051 4178 factum
1066 4125 1119 4194 est,
1135 4125 1168 4180 ιιι
1180 4120 1289 4180 Rudel·

121 4227 200 4286 stadt
220 4227 342 4288 dominae
362 4227 525 4296 Catharinae
551 4225 624 4284 hano
648 4224 685 4284 ob
708 4238 770 4282 rem
792 4229 821 4282 ιι
844 4224 922 4296 quod
948 4224 1066 4282 masculi
1089 4223 1210 4284 heredes
1233 4241 1291 4283 non

121 4337 308 4407 superessent
322 4333 461 4392 advitam
475 4331 565 4404 ipsius
579 4328 782 4403 possidendum
805 4343 869 4386 cum
883 4329 1012 4388 omnibus
1027 4329 1212 4403 proventibus
1229 4329 1290 4402 ejus

121 4437 223 4498 datum
237 4438 284 4497 eit.
308 4439 416 4496 Tenuit
429 4453 524 4496 arcem
531 4434 753 4510 Blancheuburg
768 4434 912 4507 quondam
926 4449 1022 4516 eomes
1036 4433 1289 4506 aSchwartzburg,

122 4544 341 4618 erioognomea
355 4523 415 4602 init
426 4541 478 4602 der
493 4540 704 4617 Strasrburger.
728 4535 902 4602 Habethsec
914 4553 968 4600 arx
982 4539 1153 4614 pomoerium
1168 4543 1197 4599 et
1211 4543 1290 4600 ante·

1007 4640 1078 4704 15*
