3054 5110
772 429 817 494 26

211 613 343 676 credone
350 607 496 688 publicani
503 612 580 674 illius
592 613 758 692 evangelici,
772 611 881 674 scilicet
894 609 993 674 »Deus
1003 611 1144 688 propitius
1159 614 1221 674 estc
1233 609 1302 670 mihi
1316 626 1385 686 pec·

210 721 332 784 anri.«
362 718 434 780 Post
447 719 509 780 baec
520 721 603 793 iussu
618 717 724 778 Christi
737 723 768 778 et
783 717 913 792 exemplo
928 718 1123 792 apostolorum
1136 717 1286 778 admonuit
1299 717 1384 778 obse·
1438 779 1440 782 ,

209 825 353 886 matrones
367 839 421 899 pro
434 825 565 886 omnibns
580 824 724 885 homiuum
739 822 887 884 ordinibus
901 820 979 895 fieri,
1000 825 1066 894 post
1080 822 1142 882 bac
1156 838 1193 881 ex
1207 823 1316 897 scripto
1330 837 1382 884 uo·

209 930 286 988 mina
309 944 407 990 corum
425 927 569 1003 reserens,
595 929 644 1002 qui
663 929 874 988 matrimonium
895 928 969 986 inire
992 926 1185 988 destinassent
1206 943 1241 990 ao
1261 945 1317 1002 pro
1338 928 1385 988 ms

208 1033 386 1094 intercedere
404 1032 518 1108 iubens.
557 1032 673 1094 Deinde
695 1032 856 1108 catalogum
876 1031 974 1092 morbo
996 1030 1189 1092 laborantium
1208 1033 1302 1106 etqui
1317 1048 1382 1094 ora-

207 1140 315 1199 tionem
330 1131 456 1198 ecclesiae
478 1132 678 1214 expetiissent,
702 1137 849 1211 recitavit,
872 1137 913 1198 itu
933 1143 965 1198 ut
985 1139 1178 1212 cujuscunque
1198 1137 1262 1210 qais
1282 1138 1381 1200 condi-

207 1244 294 1304 tionis
313 1249 391 1304 esset
411 1243 566 1318 indiceret,
589 1243 750 1318 suppressis
772 1247 868 1302 nmen
889 1242 1057 1304 nominibus.
1097 1241 1223 1302 (tellecta
1244 1247 1273 1302 et
1293 1243 1382 1306 benc-

207 1347 331 1408 dictione
339 1345 571 1424 popnliollicium
580 1348 695 1407 saumis
705 1347 856 1408 absolvens
871 1348 993 1408 ambone
1006 1347 1145 1408 darant.
1167 1347 1314 1408 Posthac
1328 1349 1382 1410 do·

206 1453 284 1512 mino
297 1453 429 1514 Mascula
444 1454 552 1528 gradus
566 1451 740 1512 ascendente
760 1453 887 1530 ecclesie
899 1452 977 1512 canit
995 1452 1130 1528 hymnum
1148 1453 1185 1514 de
1199 1453 1382 1514 invocatione

208 1557 330 1632 Spiritus
348 1557 463 1632 Sancti,
496 1573 553 1632 quo
575 1555 657 1633 finito
678 1557 826 1618 Masculus
853 1557 960 1634 populo
984 1559 1113 1640 spiritum
1135 1557 1191 1618 Dei
1213 1557 1317 1618 bonnm
1341 1559 1381 1620 ad
1460 1577 1465 1590 ’

207 1661 380 1723 audendum
394 1677 459 1722 cum
473 1661 567 1724 fructu
590 1661 709 1722 verbum
731 1664 820 1738 ipsine
843 1662 1016 1737 imprecatus
1030 1654 1189 1724 orationem
1211 1661 1382 1724 dominicam

208 1782 293 1828 orare
304 1767 403 1842 jussit,
424 1768 544 1843 ipsemet
558 1769 669 1846 prolixe
689 1783 785 1828 orans.
824 1767 893 1828 Post
907 1767 938 1828 id
953 1765 1029 1828 Idem
1044 1767 1173 1828 dominns
1188 1767 1381 1843 wolfgangus

206 1873 713 1949 excopiterisrjlonnnishaecrerbn
726 1873 809 1948 legit:
829 1872 904 1946 »Qui
915 1871 1150 1942 habetmaudata
1162 1889 1227 1934 mea
1239 1879 1269 1934 et
1279 1883 1382 1936 servat

206 1993 252 2055 ea,
268 1979 316 2038 ille
331 1985 384 2054 est,
401 1982 451 2054 qai
466 1980 560 2055 diligit
574 1995 634 2054 me,
649 1994 740 2053 usque
755 1977 793 2038 ad
807 1978 881 2038 hanc
895 1978 1058 2053 periodum:
1082 1979 1153 2038 Hoec
1166 1979 1302 2054 loquutus
1316 1995 1381 2038 sum

139 2121 141 2128 ·
205 2084 318 2158 vobis«,
335 2085 479 2147 disserens
493 2085 529 2145 de
544 2085 684 2160 dignItate
698 2083 849 2143 verborum
858 2082 972 2158 oman,
990 2084 1026 2144 de
1036 2081 1293 2161 ,differentialudoe
1302 2085 1381 2146 Isca·

182 2266 186 2274 .
205 2190 288 2250 riotis
302 2190 469 2250 mercatoris
484 2195 515 2249 et
528 2187 612 2248 Iuda
628 2188 745 2250 Thadoei
761 2189 873 2250 cordati
890 2186 1053 2250 confitentis
1066 2185 1205 2264 Domino,
1229 2191 1274 2250 vel
1288 2189 1378 2250 confi·

204 2301 268 2356 teus
282 2294 447 2354 Dominum.
480 2294 525 2354 Dc
540 2291 661 2370 simplici
674 2293 900 2368 interrogatione
914 2293 1012 2370 luda,
1028 2299 1058 2354 et
1072 2309 1109 2354 ne
1123 2309 1176 2354 uos
1191 2295 1337 2372 miremur,
1353 2297 1379 2358 si

204 2415 262 2460 uon
286 2400 374 2459 semel
388 2404 476 2483 atque
495 2400 599 2458 iterum
614 2397 713 2460 audito
732 2399 821 2460 verbo
841 2415 908 2460 mox
923 2398 1028 2460 Obristi
1042 2405 1164 2460 mentem
1178 2415 1378 2478 assequamur,

204 2505 256 2565 sed
271 2495 396 2579 orationi
409 2507 562 2579 instemus,
586 2511 619 2565 ut
634 2503 773 2565 Dominus
788 2504 872 2566 nobis
892 2521 1007 2568 sensum
1026 2507 1139 2581 aperiet
1156 2510 1189 2566 et
1203 2506 1379 2568 intellectum

204 2609 260 2670 det.
300 2611 372 2670 Item
391 2608 427 2668 de
448 2609 644 2682 inoequolitate
663 2609 767 2675 dimna
788 2616 817 2668 et
830 2609 962 2670 hnmanae
982 2610 1161 2672 couffltiouis.
1199 2612 1272 2672 Item
1292 2629 1378 2686 qnam

203 2729 308 2790 magua
322 2715 359 2774 sit
367 2713 523 2788 promissio
538 2713 609 2790 brec,
625 2713 703 2790 qnod
714 2721 797 2789 poter
813 2720 841 2774 et
854 2715 915 2788 ipse
927 2720 1071 2776 amantem
1085 2715 1143 2776 sint
1156 2715 1333 2776 redameturi
1348 2724 1377 2778 et

202 2819 377 2891 mansionem
390 2818 469 2894 opud
483 2819 558 2879 hune
581 2818 677 2881 lacere
697 2819 798 2892 veliut3
823 2813 892 2879 item
912 2818 989 2892 qnod
1003 2821 1034 2878 in
1048 2821 1103 2882 hoc
1117 2836 1174 2882 uno
1193 2837 1262 2882 vera
1281 2825 1377 2883 unitas

202 2932 232 2986 et
246 2923 398 2986 concordia
411 2924 488 2985 iuter
502 2924 596 2985 Deum
610 2925 796 2990 ethomiaem
811 2924 963 2998 consistat,
980 2929 1013 2984 ut
1025 2925 1111 2986 homo
1125 2923 1183 2986 lide
1197 2927 1315 2988 verbum
1329 2945 1375 2990 re·

201 3031 291 3106 cipiet
306 3037 339 3091 et
350 3047 382 3092 se
397 3030 461 3092 Deo
476 3031 554 3108 patri
569 3029 672 3094 stillio
687 3047 739 3106 per
754 3030 893 3104 Spiritum
908 3030 937 3092 S.
954 3029 1110 3105 regendum
1124 3033 1280 3106 permittat.
1303 3035 1377 3094 Item

201 3135 238 3197 de
253 3138 354 3196 innata
375 3136 484 3196 homini
498 3137 646 3216 superbia,
671 3137 721 3210 qni
736 3137 761 3194 si
774 3135 821 3194 rel
840 3134 984 3194 tantillum
1004 3135 1114 3196 bonore
1128 3137 1175 3196 vel
1192 3137 1294 3212 opibus
1313 3140 1377 3198 aliis

202 3242 360 3316 precellat,
376 3256 435 3300 non
450 3245 546 3314 potest
560 3256 591 3314 se
606 3255 641 3300 eo
656 3219 817 3313 demittere,
833 3245 865 3299 ut
880 3255 910 3299 se
925 3247 1067 3302 amantem
1082 3242 1128 3302 uel
1142 3241 1277 3316 pusillum
1291 3243 1375 3306 reda·

201 3349 259 3405 met
278 3350 308 3405 et
322 3361 380 3405 non
400 3341 578 3419 contemnat,
603 3343 668 3406 Und
689 3360 747 3404 was
768 3344 841 3404 doeh
861 3343 913 3405 der
927 3360 979 3406 vor
994 3347 1040 3405 ein
1055 3361 1150 3408 armer
1164 3346 1301 3408 Measche
1323 3351 1375 3423 sei,

200 3449 253 3528 der
274 3448 347 3523 deu,
370 3437 427 3508 ¹rou
439 3448 506 3508 dem
521 3448 573 3508 ehr
587 3433 710 3524 ge'liebet
724 3449 796 3522 uirt,
813 3449 891 3510 nicht
904 3449 1011 3512 widder
1021 3451 1100 3512 liebt.
1123 3451 1195 3512 Item
1210 3450 1376 3526 quodDeus

200 3570 259 3614 uon
272 3561 460 3628 tyrannorum
474 3570 555 3615 mure
576 3553 614 3616 ad
629 3569 660 3614 se
676 3553 869 3616 confitendum
883 3561 913 3616 et
928 3557 1081 3616 amandum
1094 3553 1174 3616 ferro
1197 3563 1227 3616 et
1240 3557 1270 3618 vi
1283 3559 1375 3619 homi·

202 3677 253 3722 nes
275 3659 386 3735 adigat,
411 3660 463 3720 sed
485 3675 572 3733 quam
593 3639 754 3736 benigniter
769 3677 836 3721 suos
851 3661 966 3722 abiciat.
1005 3661 1078 3722 Item
1092 3677 1179 3735 quam
1199 3677 1298 3722 caram
1311 3662 1377 3724 Deo

200 3767 337 3841 templum
361 3766 458 3840 sitis,
482 3766 531 3839 qui
552 3765 670 3826 uerbum
691 3765 807 3826 Domini
827 3768 940 3828 sincera
957 3765 1015 3827 tide
1032 3767 1162 3840 recipiat.
1205 3767 1291 3828 Hunc
1312 3784 1376 3828 esse

200 3871 290 3931 adem
305 3885 430 3946 auream,
446 3869 522 3930 hunc
537 3886 600 3930 esse
615 3886 682 3930 vere
698 3871 768 3932 illnd
783 3872 930 3932 vasculum
946 3871 991 3948 (ut
1000 3872 1086 3945 vulge
1094 3870 1264 3948 loquuntur)
1279 3888 1376 3934 sacra·

198 3977 287 4036 menti
301 3977 554 4037 conservatorium.
593 3976 701 4050 Magna
720 3978 796 4038 enim
816 3983 846 4037 et
860 3977 986 4052 expolita
1006 3976 1158 4052 phalerata
1172 3977 1308 4038 mundum
1324 3979 1374 4042 da·

199 4087 272 4143 cent.
297 4081 376 4142 Dens
390 4080 448 4141 lide
463 4088 493 4142 et
507 4081 593 4142 corde
608 4097 695 4156 puro,
712 4099 769 4144 non
785 4083 874 4167 multo
889 4082 1031 4142 exteriore
1045 4087 1150 4142 ornatu
1164 4083 1279 4156 madet.
1302 4084 1377 4144 Item

198 4186 277 4262 quod
290 4188 476 4262 magistratus
490 4188 547 4247 huc
561 4190 687 4248 intentus
707 4189 745 4246 sit
766 4192 796 4246 et
810 4187 974 4249 consideret
992 4187 1066 4256 hanc
1087 4205 1174 4249 unam
1195 4195 1225 4249 et
1239 4189 1376 4265 optimam

199 4307 263 4353 esse
278 4293 436 4353 concordias
451 4293 536 4367 viam,
552 4297 585 4352 ut
599 4293 717 4352 verbum
731 4291 847 4352 DomIni
862 4294 973 4352 sincere
987 4290 1146 4368 predicare
1160 4295 1287 4367 siuatur;
1307 4311 1375 4354 nam

198 4397 241 4457 sic
255 4412 307 4456 uos
321 4399 484 4458 mansiones
498 4397 554 4456 Dei
567 4396 640 4457 fieri.
679 4396 725 4456 De
738 4397 801 4464 hoc.
815 4402 911 4458 autem
932 4399 1018 4460 latins
1033 4401 1075 4459 sic
1094 4399 1273 4474 exigentibus
1287 4401 1375 4462 rebus

199 4502 289 4579 dixit,
313 4517 398 4580 quam
419 4502 467 4564 bic
481 4501 590 4562 chartis
603 4499 702 4563 illimri
721 4501 812 4575 possit
833 4508 887 4568 oto
925 4505 998 4566 Ιιοιιι
1017 4503 1095 4578 quod
1109 4503 1240 4566 Obrbtm
1258 4505 1374 4582 dixerit,

181 4721 208 4762 ‘a
