3054 5110
699 419 744 490 2⁷

126 614 244 688 patrem
259 613 290 670 et
303 592 399 686 ipsunt
412 609 563 666 venmrum
579 604 618 667 ad
632 607 862 674 conservatorem
880 604 961 666 verbi
975 604 1037 678 ejus
1051 609 1082 664 et
1096 617 1161 664 eum
1174 607 1304 678 receptu·

127 723 236 776 tnrmm
276 713 311 774 1d·
324 711 388 772 fieri
402 716 468 786 post
482 711 556 772 hauc
570 711 659 772 vitem
674 717 728 771 etc.
759 712 799 772 Et
812 712 902 772 mults
917 708 1055 784 ejusmodi
1069 710 1210 783 praeclara
1224 707 1305 770 addi-

128 820 181 896 dit,
197 821 254 880 hac
269 817 407 880 coronide
421 824 582 894 sermonem
594 815 739 891 ιιιιιιιιιιι,
755 831 925 877 necaremus
938 831 1064 889 operam,
1079 819 1112 874 ut
1124 815 1242 874 verbum
1250 813 1306 878 Dei

129 941 204 1000 puro
225 923 313 986 corde
335 923 514 996 audiremus,
537 922 729 995 reciperemus
744 928 773 982 et
787 922 982 995 crederemus,
1004 936 1061 994 quo
1073 920 1182 992 templa
1197 920 1261 978 viva
1277 923 1307 980 et

132 1031 299 1090 mansiones
313 1027 370 1088 Dei
384 1025 563 1086 efficeremur
578 1031 608 1086 et
623 1043 641 1086 a
655 1027 719 1100 Dec
733 1043 943 1088 assumeremus
958 1033 1012 1086 etc.
1035 1027 1075 1086 Et
1088 1024 1230 1096 completo
1243 1041 1305 1084 ser·

130 1151 217 1197 mone
232 1134 356 1208 populus
377 1134 473 1208 jussus
493 1131 556 1190 Deo
578 1132 677 1192 leudes
699 1137 816 1192 ιιιιιιιιι
831 1137 861 1190 ιι
875 1130 978 1191 deiude
994 1131 1115 1208 ecelesia
1137 1145 1202 1188 cum
1220 1129 1306 1190 bene·

130 1241 259 1302 ιιιιιιοιιι
274 1228 449 1298 ecclesiastae
463 1237 550 1312 hujus
564 1236 680 1298 dimisse
694 1243 747 1298 est.
1281 1209 1285 1224 ,

221 1343 385 1418 Apraudio
400 1341 602 1417 wandelinus,
622 1343 728 1406 Florus
743 1349 773 1404 ιι
786 1343 929 1430 Melchior
943 1342 1011 1417 quid
1025 1341 1171 1402 archiduci
1187 1339 1306 1403 offeren-

128 1451 200 1512 dnm
215 1449 375 1510 sitchartis
389 1446 540 1523 mandant,
557 1449 584 1508 si
599 1449 648 1524 qui
663 1448 836 1509 commodius
849 1449 943 1523 ipsum
958 1449 1067 1522 elloqui
1081 1464 1237 1521 possemus.

221 1555 333 1616 Eadem
347 1555 426 1614 uenit
440 1555 612 1620 secretarius
631 1561 818 1628 cognatorum
836 1559 1000 1630 nostrorum
1015 1554 1150 1614 comitum
1169 1553 1205 1612 de
1219 1531 1304 1626 Heia,

131 1678 190 1736 quo
206 1662 238 1720 in
252 1663 330 1720 statu
343 1675 392 1720 res
407 1659 586 1720 dominorum
601 1675 718 1740 suorum
733 1665 841 1734 essent,
857 1669 1002 1734 exponens
1017 1663 1047 1718 et
1061 1675 1079 1718 a
1094 1659 1175 1718 nobis
1190 1658 1229 1718 ad
1243 1658 1306 1718 Mo·

130 1767 341 1828 hasteriensem
355 1765 509 1839 praesulem
523 1766 623 1826 literas
642 1767 736 1839 petiit,
760 1765 829 1824 item
843 1769 876 1823 ut
889 1781 942 1836 per
957 1768 1072 1824 nomios
1086 1780 1138 1836 per
1151 1764 1306 1824 latissimos

130 1886 250 1946 campos
266 1868 428 1931 Sendtfeldt
446 1869 549 1930 deduci
571 1875 680 1944 posset,
703 1870 784 1943 ajens
807 1883 920 1942 quoque
942 1884 995 1928 uos
1013 1863 1113 1926 rursus
1134 1868 1164 1926 in
1183 1873 1327 1969 tutorem,

132 1975 361 2052 pupillorumde
375 1975 452 2036 Heia
466 1975 614 2050 postulari.
927 2043 929 2048 ,
962 2035 966 2042 ,

222 2083 302 2142 Nota
319 2076 394 2141 duos
414 2077 521 2140 hahes
543 2094 693 2154 germanos
713 2080 876 2154 Philippum
899 2084 929 2138 et
949 2075 1186 2149 christophorum
1206 2073 1306 2135 Seldos

131 2187 195 2248 LL.
212 2178 344 2249 doctores
358 2186 497 2260 Augustae
518 2169 641 2244 ciuitatis
660 2186 791 2270 alumnos
811 2186 847 2246 ob
866 2181 1023 2261 spectatam
1043 2184 1073 2242 iu
1087 2181 1184 2256 pueris
1199 2181 1307 2253 ingenii

131 2293 357 2368 prosperitatem
371 2291 571 2366 Fuggerorum
590 2291 733 2365 stipendio
752 2291 791 2350 ad
808 2293 860 2352 hes
878 2289 1032 2364 dignitates
1046 2290 1211 2362 prouectus,
1235 2301 1305 2358 quo·

131 2414 199 2459 rum
208 2397 261 2457 hic
274 2397 538 2458 vicecancellarium
553 2397 670 2456 caesaris
684 2397 755 2470 egit,
771 2395 845 2456 alter
860 2395 926 2454 urbi
940 2412 958 2454 a
973 2393 1098 2457 consiliis
1113 2397 1166 2452 est.
1191 2419 1207 2441 ,-

223 2502 330 2562 Petris
345 2502 549 2577 Oberuburger
567 2501 598 2560 in
618 2501 791 2560 cancellarie
810 2501 855 2578 (ut
876 2497 991 2576 uocant)
1014 2498 1129 2583 cascms
1149 2502 1214 2594 post
1233 2497 1306 2556 vioe·

132 2591 433 2670 cencederiumiuter
446 2606 605 2669 Germanos
619 2607 727 2680 primes
741 2611 830 2666 tenet.
1255 2584 1257 2588 ¹

224 2712 374 2774 Comedus
395 2711 511 2787 quidam
524 2713 633 2772 Hessus
654 2716 684 2771 ιι
699 2710 839 2786 Georgius
859 2709 895 2770 de
909 2710 977 2770 Hali
994 2708 1128 2768 comitum
1149 2707 1186 2766 ab
1200 2705 1307 2768 Aldeu·

131 2821 208 2894 burg
222 2817 397 2878 internuncii
416 2821 490 2876 sunt.
528 2817 698 2877 Franciseus
718 2817 819 2878 aHeil
833 2817 971 2876 hedenus
989 2813 1037 2872 hic
1050 2813 1131 2873 litem
1153 2812 1307 2874 contestari

133 2923 235 2985 noluit.

222 3025 334 3087 Eadem
347 3027 426 3086 intra
439 3025 540 3086 hmam
555 3031 585 3088 ιι
599 3027 695 3101 sesqui
716 3041 827 3112 omnem
847 3026 947 3086 urbem
960 3005 1119 3099 Augustam
1137 3037 1200 3080 cum
1215 3019 1305 3080 fosse·

132 3136 190 3207 tis,
213 3129 296 3192 vullis
316 3136 346 3191 ιι
365 3133 569 3194 munitionibus
590 3133 743 3192 circumivi.
791 3129 867 3204 Quid
885 3136 982 3191 autem
1000 3129 1154 3190 uiderimus
1173 3126 1306 3185 historio-

131 3238 244 3312 grapho
259 3237 346 3298 etiam
360 3253 419 3296 nou
433 3235 548 3298 indocto
563 3253 616 3298 uec
629 3235 790 3298 vecordiid
801 3225 962 3298 describere
975 3237 1045 3296 satis
1058 3231 1165 3310 negotii
1180 3229 1307 3292 futurum

132 3344 272 3404 osteor.
960 3323 992 3409 ff
1169 3407 1171 3412 s

223 3447 334 3508 Eodem
347 3445 497 3522 Philippus
513 3451 543 3507 et
556 3447 684 3508 loannes
698 3447 803 3508 iratres
822 3447 915 3508 nostri
929 3447 1006 3522 apud
1019 3447 1161 3506 loannem
1176 3444 1306 3505 comitem

134 3554 174 3615 de
187 3553 315 3628 Retberg
330 3558 489 3627 coenarent,
507 3553 624 3614 Samuel
635 3567 705 3612 vero
720 3568 810 3627 nepos
825 3553 903 3627 apud
918 3553 1138 3613 Treuerensem.

224 3659 335 3718 Eadem
348 3659 379 3717 in
394 3651 701 3731 plateahomo-anc'e
720 3657 935 3718 uobisobuiem
954 3655 1001 3729 fit,
1024 3657 1096 3715 cello
1116 3644 1307 3714 circumdatus
1327 3691 1329 3695 -

22 3805 27 3809 -
133 3770 239 3838 terque
253 3762 349 3824 ferreo
364 3763 396 3822 iu
409 3757 521 3838 signum
535 3757 681 3837 perpetuae
696 3763 879 3838 captivitatis.

223 3867 393 3928 Audivimus
415 3868 468 3928 sub
483 3877 602 3928 'coenam
621 3868 711 3928 Italos
732 3867 865 3928 tibicines
887 3872 916 3926 et
937 3863 1083 3940 fidicines,
1108 3867 1156 3939 qui
1176 3867 1221 3924 val
1244 3882 1307 3925 cum

133 3973 269 4048 Apolline
284 3969 388 4031 fistulis
401 3977 514 4034 certere
529 3973 698 4046 potuissent.
990 3951 994 3954 ’

224 4077 337 4148 Eadem
351 4078 404 4138 sub
423 4093 529 4139 nonam
548 4077 641 4136 nochs
662 4077 776 4152 eclipsis
790 4077 866 4136 lunae
886 4079 948 4137 uisa
963 4080 1014 4136 est.
1053 4077 1109 4149 Qui
1124 4077 1206 4137 nobis
1227 4077 1308 4150 sigua

134 4183 277 4260 eiusmodi
291 4181 421 4258 exhibet,
437 4185 592 4244 clementer
606 4188 709 4242 cuncta
723 4182 799 4242 mela
814 4185 935 4242 ιιιιιιι.
958 4181 1060 4242 Amen.
1164 4245 1166 4250 ,

225 4287 445 4364 DumincDeus,
462 4289 500 4348 ds
514 4287 642 4348 auditum
657 4287 737 4348 verbi
751 4288 793 4348 tui
806 4293 836 4348 et
849 4288 919 4348 illud
933 4289 1020 4348 eorde
1036 4303 1214 4361 conseruare,
1232 4291 1262 4344 ιιι
1276 4293 1309 4346 tu

136 4397 167 4453 ct
186 4392 262 4452 fihus
284 4397 351 4453 tuus
373 4393 458 4466 lesus
473 4391 603 4454 Christus
619 4393 695 4468 apud
715 4409 768 4452 nos
790 4393 966 4454 mansionem
989 4393 1100 4454 faciatis
1123 4397 1193 4464 cum’
1208 4395 1308 4450 sancto

136 4498 254 4574 spiritu,
271 4499 322 4574 qui
336 4498 408 4568 uiuis
424 4503 453 4578 ιι
466 4513 571 4574 regnas
587 4502 640 4560 etc.
1192 4494 1194 4502 ’
