3046 5104
782 377 846 445 144

231 557 335 618 acerba
348 558 481 632 monitio,
503 557 607 618 deinde
622 559 730 632 oleum,
752 558 783 617 id
798 563 842 618 est
857 558 979 618 salubris
996 559 1136 632 evangelii
1151 557 1308 620 oonsoletio
1323 555 1406 616 adlui-

230 663 325 723 benda
340 670 392 722 est.
431 663 478 722 Sie
500 669 529 722 et
545 662 572 722 d.
588 641 715 724 ioannes
735 664 828 737 primo
852 669 962 737 monet,
989 681 1024 724 ne
1038 681 1202 738 peccemus,
1225 665 1249 722 si
1264 678 1333 746 gero
1348 661 1404 731 ali-

231 769 346 842 quando
361 769 419 828 labi
433 767 516 827 nobis
532 769 681 842 noritingit,
697 768 853 828 rernedium
869 769 1054 828 demonstrat.
1083 768 1204 828 Addidit
1219 773 1249 827 et
1262 769 1335 827 alias
1351 783 1403 842 op·

230 875 313 932 timos
337 873 382 931 hio
405 876 591 934 concionator
612 890 785 948 paraeneses.
823 875 1002 954 Aeoneione
1022 880 1117 934 autem
1137 875 1214 933 idem
1229 873 1405 948 praedicator

229 979 275 1038 hio
295 979 372 1051 quod
394 979 457 1038 heri
480 980 507 1038 d.
524 980 671 1038 Masculus
693 979 842 1053 culpabat,
867 981 974 1040 seilicet
996 981 1133 1054 populum
1157 996 1223 1038 mox
1237 977 1319 1038 finita
1334 994 1403 1038 oon-

229 1085 310 1142 oione
328 1084 475 1144 discedere
491 1101 543 1144 nee
559 1092 711 1159 expectare
734 1084 825 1144 donee
848 1085 968 1144 eeclesia
983 1084 1047 1172 Deo
1068 1085 1183 1145 laudem
1198 1090 1227 1144 et
1242 1085 1405 1158 gratiarum

229 1190 355 1248 cationes
371 1207 423 1269 pro
439 1190 507 1251 dato
523 1191 609 1252 verbo
625 1191 795 1264 decantarit,
813 1195 976 1265 contempta
990 1190 1189 1250 benedictione
1204 1191 1402 1248 ministrorum

229 1295 318 1354 verbi.
342 1277 425 1373 Licet
440 1296 523 1368 enim,
540 1295 590 1369 ait,
606 1295 809 1356 homunciones
824 1297 927 1356 miselli
939 1301 969 1356 et
978 1288 1174 1366 nobissimiles
1189 1288 1286 1369 simu's,
1302 1299 1402 1352 tamen

229 1401 305 1458 servi
320 1399 368 1460 dei
383 1399 484 1458 summi
500 1406 529 1458 et
542 1401 657 1458 maximi
672 1417 787 1474 sumus,
812 1407 841 1472 et
855 1403 932 1460 illius
948 1403 1060 1462 nomine
1076 1395 1187 1462 neenoii
1203 1416 1238 1459 ex
1252 1400 1404 1472 ipsiusmet

229 1505 322 1564 verbis
338 1505 418 1564 vobis
434 1505 644 1574 benedicimus,
660 1505 851 1572 Conoionatus
866 1513 911 1566 est
925 1506 1010 1567 hodie
1024 1505 1220 1580 etMusoulus,
1233 1505 1315 1579 eujus
1331 1521 1400 1563 oon-

228 1610 303 1667 oioni
319 1610 467 1684 Philippus
483 1616 512 1669 et
528 1611 654 1670 loannes
668 1611 773 1672 fratres
789 1612 880 1672 nostri
903 1629 961 1670 una
984 1628 1047 1670 oum
1071 1611 1207 1689 Galaoteo
1222 1589 1399 1670 interfuere.

233 1780 236 1788 ,
317 1715 380 1776 Hae
394 1718 459 1798 ipsa
478 1716 674 1790 dioiloannes
695 1717 783 1792 Hagk
802 1722 832 1776 et
854 1716 956 1776 scribae
971 1715 1093 1777 tranum
1108 1717 1335 1776 commissionem
1350 1716 1401 1774 Li·

228 1818 302 1880 borii
318 1827 347 1882 et
367 1822 534 1882 Melchioris
553 1823 673 1896 amplius
694 1824 787 1884 loeum
801 1823 1068 1898 haberenolebant,
1084 1823 1114 1882 iu
1129 1839 1174 1882 me
1189 1821 1316 1892 ereditur
1331 1819 1401 1882 febo

227 1927 282 1986 ista
297 1933 459 2000 sumptuum
475 1928 603 1988 audetur.
1095 1927 1101 1934 ⁴

247 2054 252 2062 ‘
315 2034 445 2094 Misimus
461 2035 609 2094 Liberium
624 2033 663 2094 ad
673 2033 892 2116 atrebatensem
903 2051 958 2110 pro
972 2034 1176 2110 capitulatione
1191 2048 1226 2092 ae
1239 2031 1334 2092 forme
1348 2031 1399 2090 ob-

226 2137 379 2212 ligationis.
1172 2135 1173 2142 '

314 2243 441 2305 Joannes
462 2247 510 2304 ille
532 2246 655 2305 Noricus
674 2247 725 2319 ait,
748 2245 886 2305 haetenus
901 2243 1085 2319 Pintzingero
1107 2260 1165 2328 nou
1188 2243 1325 2318 obtigisse
1349 2259 1401 2316 op-

226 2343 451 2422 portunitatem‚'
471 2351 645 2410 verum-bae
664 2350 711 2410 die
730 2352 823 2425 ipsum
846 2351 956 2425 aliquid
975 2344 1169 2424 tentaturum,
1199 2365 1234 2408 ae
1253 2365 1333 2424 spem
1357 2347 1401 2406 illi

227 2467 289 2512 esse
304 2453 428 2536 bonam„

315 2559 438 2618 Domine
454 2560 534 2634 Jesu,
550 2561 600 2633 qui
615 2575 667 2622 uos
682 2563 719 2638 ab
733 2563 816 2622 initio
833 2561 960 2622 dilexisti
975 2566 1004 2621 et
1019 2563 1082 2637 ipsa
1097 2576 1128 2620 es
1143 2564 1263 2634 veritas,
1287 2576 1324 2618 ex
1340 2576 1400 2634 qua

227 2666 318 2723 omnis
334 2664 448 2726 dileetio
464 2669 616 2743 prooessit,
642 2669 679 2728 da
694 2669 776 2730 nobis
791 2683 859 2728 vere
875 2683 911 2726 ex
925 2671 987 2726 toto
1003 2665 1134 2726 eordeset
1147 2672 1177 2726 te
1192 2671 1222 2726 et
1236 2668 1400 2740 proximum

227 2769 355 2844 diligere.
378 2771 478 2830 Amen.
904 2847 919 2866 „
1066 2751 1067 2760 ἵ
1184 2841 1188 2846 ,

314 2877 441 2952 Insignia
457 2875 645 2937 Grandevelee
661 2877 799 2950 ejusmodi
816 2884 907 2938 erant
932 2877 1055 2952 Clypeus
1070 2895 1122 2938 seu
1136 2884 1248 2956 sontum
1263 2877 1398 2951 superius

225 2981 476 3058 aqussamglavam
495 2979 506 3018 ¹
529 2983 590 3064 alas
613 2984 821 3058 expandentem
840 2983 949 3044 babens
968 2981 1087 3048 inferius
1103 2985 1185 3058 quasi
1199 2989 1397 3043 transuersum

223 3089 333 3162 positas
347 3089 438 3148 lineas
452 3089 526 3148 latas
541 3089 713 3148 bivarieatas
729 3089 795 3148 albo
807 3095 837 3148 et
847 3090 929 3164 nigro
945 3090 1049 3150 colore.
1075 3091 1167 3165 Super
1182 3090 1294 3163 galeam
1309 3093 1399 3160 eaput

225 3199 269 3252 est
290 3195 354 3268 apri
376 3209 439 3252 oum
462 3193 534 3266 pede
556 3194 683 3266 ejusdem
704 3199 863 3260 cruentato.
903 3194 973 3256 Cum
995 3197 1084 3270 igitur
1105 3196 1133 3255 d.
1156 3194 1192 3254 de
1213 3191 1397 3252 Grandeuela

224 3299 278 3357 eibi
293 3299 349 3372 ipsi
364 3299 441 3371 quod
456 3315 474 3358 a
490 3315 616 3358 eaesarea
631 3301 780 3374 majestate
794 3299 838 3358 his
854 3301 941 3360 armis
953 3307 983 3361 et
998 3307 1115 3363 ornatus
1131 3306 1160 3360 et
1174 3298 1327 3358 nobilitate
1344 3298 1395 3357 do-

147 3431 150 3443 ›
224 3407 308 3461 natus
328 3404 380 3476 sit,
406 3403 673 3476 congratulaturus
695 3409 849 3479 propterea
869 3406 969 3465 aulaeis
990 3406 1047 3464 suis
1067 3408 1175 3481 passim
1199 3405 1299 3464 subter
1314 3421 1397 3462 arma

223 3507 278 3568 hoo
292 3508 449 3582 symbolum
460 3509 651 3582 intertexerit‚
667 3510 775 3570 seilicet
784 3513 844 3570 »sio
853 3513 944 3570 visum
959 3517 1003 3570 est
1018 3513 1161 3586 superis«
1178 3511 1262 3572 homo
1278 3509 1396 3582 quidam

223 3631 280 3674 non
293 3615 417 3675 insulsus
432 3615 544 3680 addidit
560 3603 692 3690 »aquilas
707 3615 846 3690 snbjioere
861 3618 986 3692 porois«
1004 3616 1132 3677 iudicans
1155 3616 1293 3674 maximos
1315 3613 1395 3673 orbis

223 3727 309 3788 terrae
325 3722 469 3797 principes
485 3721 522 3781 ab
537 3721 700 3780 humillimis
715 3720 950 3782 homuncionibus
965 3724 1038 3797 regi.
1083 3781 1086 3788 ,

281 3874 283 3878 .
311 3828 470 3888 Verebatur
487 3832 598 3900 segetes
614 3827 754 3900 grandine
769 3843 921 3888 eouousses
936 3830 967 3888 in
978 3844 1013 3888 ea
1021 3825 1182 3888 Germaniae
1197 3830 1290 3899 parte,
1307 3841 1395 3899 quam

222 3931 309 4006 vulgo
325 3932 376 3992 das
390 3933 474 3992 Riesz
489 3919 601 4018 vocant.
1185 3914 1188 3923 ¹

310 4038 450 4096 Ernestus
466 4054 559 4098 eomes
575 4054 593 4096 a
609 4038 781 4114 Sohomberg
796 4043 825 4096 et
839 4055 875 4096 m.
892 4037 1076 4098 Sebastianus
1093 4035 1229 4096 Gloserus
1245 4033 1393 4093 nobiseum

222 4143 320 4220 pransi
335 4149 409 4202 sunt.
433 4141 460 4200 A
475 4143 596 4217 prandio
611 4141 702 4204 irater
717 4149 815 4216 noster
829 4117 980 4218 Philippus
1001 4146 1031 4200 et
1045 4157 1098 4216 ego
1114 4128 1309 4202 mantuam
1324 4140 1390 4198 bor·

221 4253 316 4308 torum
330 4248 434 4322 Lyneii
449 4249 656 4322 perspeximus.
1021 4267 1023 4272 ’

800 4367 816 4404 1ΙΙ

230 4507 233 4515 ,
296 4459 307 4504 1
329 4452 471 4519 glannam?
571 4521 574 4527 Ι
