3020 5112
699 369 763 438 231

179 567 183 574 ’
236 553 361 616 deosne
376 553 475 614 Jostus
491 550 580 630 Sophi
590 569 617 632 a
631 551 771 612 Wimaria
789 566 922 612 reversus
942 553 1024 614 nobis
1045 555 1152 628 scripta
1166 553 1223 614 duo
1238 555 1316 614 erhi-

144 660 217 736 buit,
234 677 323 720 unum
337 660 464 734 Philippi
476 657 671 718 Melanthonis
686 670 773 731 super
786 651 915 734 interim,
931 659 1051 720 alterum
1061 653 1195 734 Casperis
1204 659 1317 734 Aquilae

144 765 309 842 paroehiin
324 765 464 838 Salveldt,
488 767 569 840 eidus
588 765 654 824 libri
678 770 876 837 argumentum
898 770 957 838 est,
982 765 1059 838 quod
1083 763 1258 824 confitendus
1279 767 1319 825 sit

146 871 396 930 Christuseontra
411 869 519 930 diaboii
533 869 683 942 tenebras,
699 867 836 928 mnndum
858 873 888 928 et
902 869 1024 929 interim.
1062 869 1102 928 Et
1123 870 1183 927 haeo
1198 869 1259 928 dies
1274 875 1318 928 est

145 991 234 1048 nom,
251 973 330 1047 quod
343 975 428 1036 avide
443 979 473 1034 et
487 974 572 1034 anxio
586 972 647 1034 iere
662 974 757 1032 animo
772 974 902 1032 nuntirnn
918 990 934 1032 e
948 976 1044 1047 patria
1059 979 1249 1048 expectemus
1309 1029 1313 1046 ,

235 1079 316 1141 Idem
330 1078 429 1138 Jostus
445 1079 525 1153 dixit,
542 1093 656 1138 socrum
670 1093 705 1136 ea
720 1081 804 1136 noete
818 1093 875 1138 non
890 1079 1105 1153 expectandam.

236 1181 361 1243 Gothart
376 1183 410 1256 Q.
427 1182 479 1242 dor
493 1183 559 1242 hert
573 1183 621 1242 bei
635 1179 706 1242 Gott
720 1181 845 1244 annhelt.

235 1289 275 1361 xij
291 1287 362 1346 Jnlii
377 1286 430 1346 sub
446 1303 551 1364 nonam
566 1271 819 1348 antemeridianam
842 1285 956 1346 domina
978 1287 1015 1346 de
1029 1284 1197 1346 Wildenfels
1213 1291 1242 1344 et
1256 1283 1316 1346 filia

145 1394 209 1466 ejus
231 1393 401 1467 Margareta
421 1392 534 1466 abiere,
557 1409 628 1466 quas
650 1407 723 1450 uxor
746 1397 776 1450 et
795 1407 848 1465 ego
871 1391 981 1464 aliquot
1003 1392 1103 1452 stadiis
1125 1388 1316 1460 aRudelstad

144 1499 275 1558 eomitati
288 1514 393 1558 snmus.

234 1602 346 1662 Eadem
368 1617 432 1662 oum
452 1603 514 1677 jam
537 1619 555 1661 a
581 1601 663 1662 nobis
686 1603 854 1675 conseriptae
883 1602 974 1662 literae
1002 1609 1151 1662 essentet
1169 1603 1315 1664 Adrianus

144 1713 247 1768 noster
268 1708 307 1768 ad
329 1709 385 1766 iter
408 1724 439 1767 ee
459 1709 569 1782 accingi
586 1707 750 1782 juberetur,
777 1707 830 1766 sub
851 1706 1004 1781 prandium
1023 1710 1073 1780 qui
1093 1725 1181 1782 equos
1201 1711 1316 1782 quadri·

144 1829 250 1886 garum
270 1812 444 1874 adducerent
465 1805 619 1874 ueniebant
642 1813 724 1872 nobis
739 1802 850 1870 litteras
863 1811 902 1870 'do
917 1809 1185 1884 stetu-religionisl
1208 1819 1314 1872 nostrae

145 1916 317 1980 deferentes.
355 1917 555 1992 Apportarunt
570 1922 600 1976 et
613 1915 744 1982 fornaoes
764 1913 875 1976 ferreos
890 1932 954 1988 ser,
978 1931 1099 1986 quornm
1115 1917 1172 1976 duo
1187 1917 1314 1978 Joannes

144 2021 317 2082 Wilirelmus
332 2023 427 2082 Fuohs
442 2023 565 2082 alterum
584 2022 675 2096 dono,
698 2022 821 2080 alterum
840 2037 893 2096 pro
916 2024 958 2078 24
979 2021 1099 2083 thaleris
1119 2027 1244 2095 emptum
1266 2038 1312 2080 ao·

144 2128 230 2202 oepit.
256 2128 385 2200 Quatnor
400 2128 504 2200 reliqui
519 2127 614 2186 soorui
623 2126 699 2186 dono
709 2141 815 2186 venere
830 2126 939 2199 majore
953 2123 1054 2184 fenore
1069 2128 1213 2199 oompensi
1229 2144 1314 2200 quam

143 2243 265 2305 nsquam
279 2233 365 2292 vendi
380 2238 504 2306 possent.
769 2216 772 2222 ’
831 2299 834 2310 ,

234 2338 305 2397 Post
318 2339 433 2398 tertiam
455 2337 679 2410 pomeridianam
699 2336 814 2410 domine
837 2353 937 2396 socrus
952 2338 1085 2398 comitata
1100 2354 1118 2395 a
1131 2334 1244 2398 filiabus
1258 2338 1315 2398 Ae·

143 2441 224 2512 milia
239 2448 269 2502 et
281 2442 368 2502 Anna
381 2443 477 2502 Meria
492 2447 522 2501 et
536 2440 692 2510 tratresuo
714 2457 850 2516 germano
867 2441 990 2516 Georgia
1005 2443 1130 2502 Ernesto
1145 2425 1313 2502 ebiienne·

144 2545 217 2620 berg
231 2561 357 2616 neonon
377 2545 494 2606 doctore
508 2545 666 2606 Melohiore
686 2547 723 2606 ab
745 2547 816 2608 Ossa
836 2553 866 2606 et
886 2549 1008 2620 eonjuge
1029 2563 1082 2606 sua
1096 2547 1314 2616 Rudelstedium

133 2667 262 2734 reversa
282 2656 334 2710 est.
374 2650 488 2711 Gallum
503 2656 600 2710 autem
613 2649 767 2715 Peritaeum
782 2652 922 2722 praemisit
944 2667 1001 2724 quo
1016 2667 1068 2713 nos
1088 2667 1186 2710 earum
1206 2668 1312 2726 rerum,

142 2773 208 2832 quae
223 2756 369 2816 Wiman'ae
383 2761 536 2816 mammeae
551 2762 644 2831 erent,
660 2757 797 2816 certiores
811 2757 925 2827 reddat.

150 2915 152 2920 .
232 2862 469 2922 Pendulumante
480 2867 613 2934 quarem
622 2861 740 2922 subortu
755 2865 799 2920 est
808 2861 939 2933 quadam
951 2865 1106 2936 tempestas
1117 2861 1207 2920 eaeoia.
1216 2864 1312 2934 vento,

141 2956 285 3042 grandine
301 2972 331 3026 et
344 2966 443 3041 pluria
457 2982 521 3026 oum
536 2967 613 3026 eonio
634 2983 686 3024 suo
710 2969 779 3025 noto
795 2965 947 3038 saeviente,
977 2953 1204 3024 interboantibns
1219 2965 1318 3034 horrir

143 3073 194 3134 bili
210 3073 306 3132 sonitu
319 3073 468 3146 tonitruis,
493 3074 542 3146 qui
557 3073 663 3146 passim
680 3071 774 3130 vineta
789 3075 818 3129 et
832 3069 972 3130 hordeum
986 3069 1073 3144 laesit,
1095 3069 1144 3128 sed
1160 3071 1202 3128 ite
1216 3053 1313 3128 tamen

142 3165 176 3238 ut
195 3177 391 3250 benignissimi
410 3177 501 3250 patris
523 3177 614 3236 nostri
636 3176 762 3236 coelestis
782 3175 961 3235 comminatio
984 3175 1079 3248 potius
1097 3179 1132 3234 et
1145 3172 1311 3246 admonitio,

142 3299 229 3356 quem
251 3282 410 3359 indignatio
428 3283 480 3340 irae
501 3280 718 3352 ostenderetur,
740 3281 789 3353 qui
809 3296 862 3338 nos
882 3295 942 3338 non
961 3279 1053 3338 solum
1074 3275 1199 3362 seivifioo
1223 3275 1311 3336 verbo

136 3403 195 3448 suo
210 3386 261 3446 sed
276 3393 305 3446 et
318 3391 461 3446 mutorum
476 3385 680 3446 elementorum
693 3385 851 3447 mutatione
866 3389 1032 3445 commovet.

178 3521 181 3524 ·
230 3491 258 3550 A
273 3506 356 3551 auena
377 3490 477 3550 doctor
497 3490 638 3552 Melohior
657 3490 693 3548 de
709 3490 791 3550 Ossa¹
803 3494 833 3548 et
847 3489 1002 3562 Wolradns
1022 3488 1059 3548 de
1074 3489 1160 3548 rebus
1174 3485 1311 3560 Augustae

142 3597 214 3656 aotis
229 3579 259 3656 et
274 3596 315 3656 de·
325 3611 412 3656 eausa
425 3593 492 3680 fflrae
508 3611 567 3654 snae
581 3595 702 3662 inuieem
717 3595 990 3662 sermocinabantur.
1023 3607 1026 3610 ·

185 3757 187 3765 ι
231 3700 374 3762 Volabant
396 3701 511 3774 quidem
533 3701 668 3774 princeps
693 3705 724 3758 et
742 3714 836 3761 eomes
862 3699 1069 3772 aHenneberg
1087 3695 1226 3769 Georgius
1255 3694 1310 3752 Er-

143 3812 241 3866 nesius
257 3810 286 3866 et
306 3806 405 3866 doctor
420 3806 560 3866 Melohior
575 3805 698 3880 quadem
713 3807 887 3866 authoritate
902 3824 935 3866 ee
950 3805 1092 3881 gravitate
1107 3818 1155 3876 ea,
1172 3807 1241 3875 quae'
1251 3797 1312 3857 Wi-

142 3911 240 3972 mariee
255 3915 399 3976 trensaota
415 3917 506 3984 erent,
522 3911 604 3972 nobis
616 3927 786 3986 proponere,
802 3911 854 3972 sed
869 3912 985 3972 domina
996 3926 1095 3971 socrus
1108 3907 1178 3967 mihi
1192 3904 1311 3964 seorsim

142 4015 256 4090 singule
269 4015 398 4076 indicare
414 4016 523 4074 mdnit.
885 4073 889 4079 ,

230 4119 279 4193 xiij
295 4120 366 4178 Jndi
381 4107 494 4180 droiter
510 4124 619 4190 sextam
639 4136 723 4185 mune
737 4135 835 4180 socrus
855 4137 907 4180 nos
926 4123 1010 4182 adse
1025 4099 1138 4183 voravit
1157 4125 1186 4180 et
1201 4120 1250 4193 qui
1265 4115 1314 4176 res

142 4225 289 4286 Wimariae
303 4231 429 4300 peraeta
446 4231 555 4302 essent,
572 4225 672 4286 ordine
687 4227 831 4300 exposuit,
847 4212 984 4286 exhibens
999 4227 1081 4290 nobis
1095 4232 1125 4286 et
1139 4227 1262 4298 litteras,
1279 4229 1312 4283 ut
1337 4209 1342 4220 ¹

461 4329 463 4337 s
605 4361 610 4370 f
720 4361 736 4397 Ι,
1211 4339 1216 4352 Χ

221 4450 233 4496 l
253 4445 388 4514 regionis?
