3054 5110
229 567 283 627 lice
296 581 401 646 rogare
413 567 586 644 episcopum,
603 566 807 641 quo'comitum
817 563 988 628 ewaldeck
997 551 1176 674 mentonem.
1184 565 1293 628 habere
1307 563 1404 628 ιοιιιι.

229 671 388 746 Respondit
405 672 504 748 itaque
524 673 647 749 praesul,
672 687 704 731 se
724 671 955 750 hodieprimum
978 663 1091 746 negocii
1115 673 1208 732 nostri
1228 669 1407 746 descriptum

129 838 132 844 ,
230 778 374 853 accepisse
390 781 419 838 ct
433 777 656 852 quamprimum
675 777 714 838 ad
728 768 937 852 imperatorem
950 778 1072 838 introire
1092 777 1199 852 possit,
1223 793 1255 836 se
1270 791 1407 836 ιιιιιιιιι

230 883 612 957 majestatisresolutionem
639 899 727 959 super
747 883 793 942 his
815 883 980 958 petiturum.
1025 883 1089 942 Hoc
1110 891 1250 958 responso
1276 882 1407 959 contenti

230 969 365 1048 abiimus·
540 1065 543 1070 Ι
935 1048 940 1058 ,
1200 977 1204 980 ’
1360 1062 1364 1068 1

319 1092 416 1155 Habet
428 1091 628 1154 Amabatensis
642 1093 673 1152 in
686 1093 844 1154 scribarum
858 1109 975 1154 suorum
989 1079 1108 1154 numero
1120 1092 1312 1154 secretarium
1319 1091 1407 1152 Nori·

229 1213 294 1257 cum
309 1214 345 1258 es
358 1201 444 1274 gente
458 1199 709 1274 Pinzingerorum,
730 1198 897 1273 quemdum
911 1201 1139 1289 conveniremus,
1155 1199 1211 1273 ait,
1227 1215 1259 1258 se
1273 1202 1407 1259 ιοιιιιιι

231 1302 347 1378 quidem
369 1319 484 1364 causam
505 1302 584 1378 epod
605 1304 769 1378 episcopum
790 1301 936 1379 acturum,
959 1318 1068 1365 rernm
1078 1303 1109 1364 id
1123 1304 1250 1388 primum
1265 1305 1406 1378 temporis

231 1407 356 1482 Vigiium
369 1411 408 1466 et
414 1407 541 1470 Seildmr
556 1408 700 1469 decretum
715 1409 827 1471 concilii
840 1409 997 1483 imperialis
1012 1409 1148 1502 episcopo
1162 1408 1309 1469 detulisse.
1346 1410 1407 1474 Ro-

184 1579 187 1584 ,
214 1521 218 1528 ’
231 1514 298 1587 gavi
312 1513 476 1587 preterea
468 1499 572 1606 ipsum,
587 1513 654 1572 ut'
630 1530 655 1572 er
671 1530 729 1587 qua
740 1519 847 1577 ιιοοιιιι
859 1529 954 1574 eausae
967 1515 1141 1574 mentionem
1154 1529 1174 1574 a
1186 1497 1266 1574 bero
1271 1530 1326 1575 suo
1340 1512 1407 1574 fieri

231 1616 357 1690 audiret,
374 1617 470 1680 omnia
482 1619 513 1676 in
528 1619 675 1682 meliorem
689 1625 801 1693 partem
815 1621 1176 1706 mterpreterisetageret,
1192 1635 1241 1678 me
1255 1623 1286 1678 et
1299 1615 1407 1680 ιιιιιιι

231 1723 280 1784 iiio
294 1719 353 1783 nou
367 1724 496 1800 ingratos
510 1719 632 1796 futuros.
656 1723 785 1786 Praebuit
799 1741 880 1800 spem
891 1725 1006 1800 bonam,
1016 1725 1058 1786 ait
1070 1737 1186 1798 quoque
1199 1724 1406 1798 imperatorem
1515 1783 1516 1794 ,

231 1844 289 1890 ιοι
303 1827 386 1890 facile
394 1827 547 1913 'decretum
560 1809 791 1907 consiliariorum
801 1835 924 1906 mutere,
939 1829 991 1890 sed
1002 1828 1190 1905 rampertus
1204 1828 1285 1905 illud,
1302 1811 1337 1890 ut
1349 1831 1408 1904 ipsi
1515 1817 1516 1898 i

230 1926 462 2012 proposuissent,-
490 1936 685 2009 subscribere,
716 1935 774 1994 uisi
794 1949 941 2011 perscore,
970 1952 1042 2011 ques
1066 1939 1239 2010 concernat,
1262 1936 1406 2009 eiusmodi
1515 1955 1516 2006 i

231 2047 335 2117 essent,
352 2041 430 2116 quod
444 2047 583 2101 summum
598 2041 737 2102 aduersus
755 2055 804 2100 eos
819 2043 978 2128 imperator
991 2040 1089 2103 ὀιιιιιιι
1103 2039 1290 2116 concepisset
1313 2041 1407 2102 Inter·
1515 2083 1516 2118 ι

231 2135 346 2222 rogauit
360 2149 454 2221 ιιιιιι,
478 2161 547 2211 num
562 2129 597 2208 aa
610 2145 744 2236 pecunia,
768 2127 853 2220 quam
868 2154 962 2206 coines
980 2145 1106 2207 aSolms
1121 2163 1139 2206 a
1153 2144 1237 2206 uobis
1251 2147 1418 2229 exegisset,
1515 2129 1516 2138 ἶ

231 2252 325 2312 seluce
339 2267 358 2310 a
372 2247 453 2310 nobis
468 2249 545 2312 foret
557 2266 654 2310 necne.
677 2247 904 2341 Respondimus,
921 2267 1020 2312 verum
1031 2252 1083 2312 id
1074 2268 1132 2312 non
1142 2265 1195 2326 per
1206 2267 1268 2327 nos,
1284 2253 1338 2312 scd
1351 2269 1407 2328 per
1515 2287 1516 2314 ι

221 2349 445 2430 'imperatoriam
458 2359 637 2431 majestatem
656 2362 756 2417 steret.
795 2357 853 2419 Si
844 2374 870 2416 ιι
882 2357 983 2432 jubeat
1003 2361 1033 2417 et
1046 2349 1147 2417 οοιιιιι
1162 2355 1312 2446 cattorum
1327 2359 1407 2445 prin·

208 2487 217 2496 ··
231 2461 335 2535 cipis
317 2477 389 2520 rrarn
408 2477 460 2522 nos
479 2458 636 2525 defendere
654 2459 742 2554 uelit,
760 2477 814 2520 uos
835 2462 1021 2522 libentissime
1044 2479 1107 2524 eam
1128 2463 1280 2545 pecuniam
1296 2461 1405 2523 cesari

230 2565 458 2642 deprompturoe.
497 2566 726 2642 Quamprimum
739 2567 770 2626 in
784 2568 938 2649 hospitium
958 2568 1135 2642 devenimus,
1156 2567 1284 2628 ioannes
1298 2567 1404 2643 Hagios

230 2673 402 2732 semetarius
416 2672 603 2736 Hoiensisad
617 2688 670 2762 uos
684 2674 775 2748 venit,
778 2675 860 2749 qni,
884 2666 1009 2764 acceptis
1023 2657 1165 2734 mandatis
1180 2673 1219 2734 ad
1235 2674 1404 2734 uxorculam

230 2783 373 2868 noemam,
398 2778 437 2839 ad
456 2778 584 2838 mnites
591 2794 660 2840 suos
679 2777 842 2856 contendit,
865 2779 943 2854 quod
963 2780 1064 2898 atilli
1075 2785 1121 2840 et
1126 2779 1208 2840 nobis
1226 2779 1324 2838 Deus
1330 2780 1404 2840 bene

230 2889 334 2945 vertat
1134 2899 1138 2908 ’
1346 2933 1349 2941 ,

319 2991 428 3053 Eadem
448 2991 605 3074 Ernestoa
612 2959 738 3060 ussine
761 2991 908 3062 nobiscum
930 3004 1054 3063 prensus
1076 2995 1138 3064 est,
1162 2993 1191 3048 et
1214 3005 1278 3049 cum
1297 3007 1404 3054 mensae

230 3098 470 3183 accumberemus,
485 3098 630 3157 Adrianus
641 3113 663 3180 „a
677 3097 798 3156 Zertzen
813 3095 993 3171 supervenit,
1010 3095 1060 3176 qui
1074 3093 1161 3168 longa
1175 3095 1330 3156 verborum
1346 3113 1405 3158 arn·

230 3202 304 3276 baga
325 3201 461 3277 produxit
481 3203 618 3276 scriptum
639 3193 685 3278 (ut
702 3198 818 3276 uocant)
841 3201 1037 3276 compromissi
1059 3201 1135 3260 inter
1155 3199 1355 3265 coloniensem
1377 3209 1407 3263 et
1515 3185 1516 3194 ἵ

177 3318 180 3324 ·
231 3322 283 3367 nos
304 3307 512 3380 archiepiscopi
540 3305 634 3379 sigillo
661 3305 750 3366 adid
772 3290 918 3382 appenso,
945 3323 1009 3366 cum
1031 3306 1128 3365 ιιιιιιι
1150 3311 1215 3380 post
1236 3311 1281 3366 tot
1304 3324 1406 3382 preces

231 3415 345 3470 noauas
359 3411 512 3470 ossucula
524 3409 639 3484 quidem
653 3411 684 3468 in
698 3427 732 3471 eo
747 3417 858 3471 ιιιιιιι
875 3417 959 3472 esset
990 3412 1048 3479 Sed
1062 3427 1130 3502 suus
1145 3416 1259 3470 sanctus
1280 3411 1326 3471 his¹
1343 3419 1407 3472 erat

229 3516 310 3590 rigor
327 3531 402 3590 pene
417 3514 602 3589 tyrannidem
622 3516 746 3588 sepiens.
784 3503 839 3576 Ast
826 3503 1011 3590 tirangende
1025 3517 1087 3575 haec
1110 3533 1169 3578 nux
1188 3522 1267 3593 erat,
1273 3507 1406 3578 ¹etiamsi

230 3617 313 3682 iacile
328 3617 526 3696 videremus,
518 3639 548 3680 m
563 3637 635 3696 quos
649 3621 710 3680 haec
727 3621 813 3681 modo
828 3621 946 3706 cuderet
933 3622 981 3682 tur
995 3619 1071 3688 isba
1160 3681 1180 3692 ,,
1249 3624 1251 3628 ’

318 3724 409 3786 Fama
422 3732 483 3787 tum
497 3694 683 3802 ferebatur,
671 3741 754 3800 Jusso
768 3726 885 3786 eaeseris
899 3711 1012 3787 munite
1003 3727 1128 3830 maignia
1142 3727 1279 3792 militaria
1285 3681 1406 3802 coniici,

230 3847 299 3890 cum
300 3831 362 3896 hee
376 3835 575 3908 inscriptione
592 3833 673 3894 Unus
687 3833 782 3908 Deus,
797 3849 856 3892 una
870 3829 956 3907 fides,
972 3825 1052 3891 unus
1060 3847 1122 3892 rex.

318 3936 449 4000 Vidimus
467 3941 594 4009 endem
581 3921 720 4000 rodomo
741 3939 874 4000 Otthonis
895 3937 1053 4038 argentarii
1072 3938 1177 3998 molem
1197 3936 1237 3996 ad
1255 3935 1406 4012 poliendos

230 4025 395 4105 edomantes
410 4051 550 4134 paratam,
567 4050 597 4106 et
610 4061 644 4106 ιο
658 4047 722 4120 ipsa
736 4045 924 4120 comperimus
895 4024 1095 4104 fabulosum
1104 4059 1176 4118 esse,
1194 4042 1272 4116 quod
1285 4041 1405 4102 adamas

230 4161 289 4216 non
303 4149 358 4208 nisi
372 4149 484 4210 bircium
499 4149 638 4226 sanguine
652 4151 794 4225 tepefacto
813 4149 977 4226 frangetur,
992 4148 1050 4209 sed
1059 4147 1188 4210 terendo
1193 4150 1310 4223 politur
1325 4156 1356 4208 et
1370 4165 1406 4209 ιο

230 4253 402 4329 pulvisculo,
419 4255 468 4327 qui
483 4259 529 4315 ex
533 4255 644 4316 duabus
659 4257 776 4332 gemmis
791 4257 867 4317 inter
881 4271 915 4316 se
928 4256 1035 4316 attritis
1051 4251 1174 4329 decidit,
1186 4254 1251 4318 oleo
1267 4255 1407 4316 οιιιιιιιι

229 4358 371 4436 admixto,
389 4361 512 4434 terendo
525 4377 613 4436 super
627 4361 726 4422 orbem
740 4343 903 4436 piunbeun
917 4359 1021 4420 teritur
1034 4364 1065 4419 et
1078 4360 1288 4440 comminuitur.
1328 4361 1406 4423 Ada-

229 4477 293 4527 mas
306 4481 365 4528 non
379 4453 488 4542 politus
499 4467 623 4548 colorem
636 4465 725 4528 babet
739 4451 958 4528 subcinericium
972 4463 1051 4526 foras
1065 4463 1215 4540 hispidiom
