3020 5112
796 445 860 511 182

240 642 354 710 rentur,
375 635 457 694 nobis
472 647 521 692 ees
536 629 651 704 legendi
667 612 749 705 eopia
765 629 893 689 daretur.
932 623 1034 685 Seldus
1054 621 1091 681 dc
1111 625 1240 697 tempore
1255 636 1287 679 se
1302 619 1413 694 cogita·

240 747 339 802 turum
354 735 498 814 promisit,
519 736 588 796 etsi
606 752 664 809 qua
682 733 746 795 fieri
760 737 871 809 posset,¹
894 747 925 790 se
944 733 1177 804 procuraturum,
1200 731 1234 786 ut
1247 725 1415 801 paucissimi

240 844 385 917 adessent,
406 842 474 901 dum
494 841 532 901 ad
551 840 640 915 pedes
655 840 768 899 caesaris
783 835 1009 912 procumberem.
1056 823 1112 904 Da,
1131 831 1245 890 domine
1261 830 1343 904 deus,
1360 845 1414 888 nos

239 949 293 1009 sub
308 949 420 1022 potenti
436 963 522 1006 manu
536 952 587 1004 tue
601 944 755 1018 humiliari,
770 942 913 1001 hominem
928 945 1024 1024 autem
1037 953 1095 997 non
1108 937 1196 1030 'aliter
1211 951 1246 994 ac
1260 935 1415 995 mortalem

239 1053 377 1113 revereri.
403 1050 510 1125 Rediit,
526 1049 707 1124 prohdolor,
730 1046 818 1106 rediit
831 1045 1040 1133 Aegyptiorum
1055 1041 1195 1100 adoratio.

329 1154 439 1215 Eadem
447 1153 583 1215 Galacteo
599 1161 628 1214 et
636 1152 741 1210 Lindio
757 1165 820 1208 oum
829 1151 942 1224 hospite
957 1148 993 1208 de
1008 1163 1094 1207 censu
1108 1141 1311 1204 hebdomadali
1326 1155 1416 1216 agere

240 1261 401 1335 iniunctum
416 1265 468 1320 est.
491 1258 531 1316 At
545 1259 651 1332 hospes
666 1247 902 1315 consultationem
917 1253 1118 1313 incrastinum
1131 1250 1224 1324 petiit.
1339 1264 1343 1278 ’

275 1347 282 1356 ”
329 1383 368 1423 xx
382 1364 463 1424 Junii
477 1363 624 1422 Masculus
638 1361 712 1420 hora
727 1367 756 1420 et
769 1360 832 1420 loco
848 1357 992 1418 consuetis
1007 1355 1117 1426 eadem,
1129 1371 1193 1428 quae
1202 1354 1267 1415 heri
1281 1369 1335 1427 pro
1344 1369 1414 1412 oon-

240 1470 322 1528 cione
337 1469 456 1541 legerat,
472 1467 596 1540 repetiit.
620 1465 742 1525 Addidit
756 1469 852 1523 autem
866 1463 911 1536 iis,
933 1477 998 1535 quae
1012 1461 1148 1518 hesterno
1163 1458 1209 1516 die
1225 1457 1261 1517 de
1276 1473 1414 1532 persecu-

240 1573 321 1635 tione
337 1571 462 1631 dixerat:
486 1570 597 1642 iudai,
620 1576 653 1629 nt
677 1567 810 1642 audistis,
832 1567 976 1626 Christum
997 1564 1142 1641 persecuti
1160 1569 1243 1638 sunt,
1264 1561 1342 1636 qnod
1356 1579 1416 1621 non

241 1661 319 1736 esset
333 1691 419 1735 verus
433 1675 564 1734 Messias.
589 1674 695 1736 Gentes
710 1690 781 1759 vero
789 1686 791 1693 ’
800 1673 872 1730 nihil
894 1677 1040 1731 morantes
1053 1685 1153 1728 verum
1173 1668 1253 1726 illum
1268 1667 1415 1726 Christum

227 1763 291 1840 'out
305 1779 557 1841 Pseudochristuur
571 1780 694 1854 apostoli
709 1783 738 1838 et
748 1753 894 1853 *martyres
910 1773 1124 1845 confiterentur,
1145 1772 1197 1831 sed
1211 1773 1320 1845 absque
1336 1773 1415 1832 omni

240 1885 403 1946 differentia
424 1886 586 1959 quicunque
611 1883 725 1943 Christo
740 1865 856 1940 nomina
871 1879 1023 1951 dederint,
1046 1883 1251 1951 persequentes
1266 1877 1415 1951 suppliciis

240 1987 398 2049 afficerent.
421 1990 502 2046 Inter
516 1987 797 2060 pseudochristianos
811 2001 880 2044 vero
896 1989 925 2044 et
940 1984 1026 2042 etiem
1041 1983 1122 2040 -inter
1136 1999 1189 2042 nos
1204 1981 1321 2068 quidam
1336 1986 1414 2052 sunt,

241 2093 291 2166 qui
307 2093 389 2152 bona
411 2092 499 2150 animi
521 2091 681 2150 intentione
701 2096 730 2150 et
754 2107 790 2149 ex
809 2095 871 2148 toto
891 2089 979 2148 corde
998 2087 1168 2146 christianos
1190 2091 1414 2160 persequuntur,

241 2213 300 2258 non
312 2197 351 2256 ob
366 2196 445 2256 aliud
460 2213 546 2269 quarn
561 2197 639 2269 quod
654 2213 672 2254 a
691 2195 835 2267 uonnrdlis
850 2193 981 2268 persuasi
995 2193 1065 2266 sint,
1088 2209 1137 2252 eos
1152 2193 1249 2252 virere
1264 2197 1294 2250 et
1309 2192 1415 2250 docere

242 2307 343 2361 contra
358 2305 503 2376 receptam
520 2300 679 2360 doctrinam
694 2306 724 2359 et
738 2315 811 2371 eam,
831 2301 863 2357 in
878 2315 936 2371 qua
949 2298 1004 2370 ipsi
1019 2297 1132 2356 educati
1154 2303 1183 2356 et
1197 2297 1321 2356 instituti
1336 2301 1414 2370 sunt,

242 2419 277 2464 ac
290 2406 331 2463 sic
346 2420 404 2477 eoa,
421 2405 471 2477 qui
485 2405 531 2463 vel
546 2405 703 2477 purissime
714 2405 826 2478 decent,
843 2403 920 2477 quod
934 2401 1094 2476 videantur,
1118 2397 1184 2462 dum
1206 2401 1372 2461 idolatriam
1387 2407 1418 2460 et

242 2508 349 2569 abusus
364 2509 525 2582 corripiunt
544 2524 579 2568 ae
602 2510 743 2567 sinceram
762 2507 920 2568 doctrinam
938 2507 1101 2566 restitutam
1115 2507 1241 2580 cupiunt,
1265 2507 1417 2564 ecclesiam

242 2613 414 2688 perturbare
434 2629 542 2672 summe
561 2599 785 2687 persequuntur,
809 2613 871 2671 zelo
887 2611 1016 2685 quidem,
1038 2612 1275 2684 quemadmodum
1289 2598 1418 2670 testatur

242 2719 351 2778 Pardus
374 2718 410 2777 de
424 2719 548 2794 Judaeis,
572 2718 623 2777 sed
643 2736 702 2778 non
721 2717 877 2777 seeundum
896 2717 1051 2776 scientiam.
1089 2717 1144 2774 Est
1165 2721 1307 2776 autem-et
1321 2713 1418 2774 adhue

243 2823 323 2882 aliud
337 2828 444 2897 praeter
464 2824 520 2883 hoc
537 2829 753 2898 persecutorum
772 2839 877 2896 genus,
899 2822 1033 2879 nimbum
1053 2837 1167 2896 eorum3
1189 2821 1237 2894 qui
1253 2837 1284 2879 se
1296 2826 1416 2880 ¹saturatos

243 2925 345 2987 baberi
359 2929 472 3003 velunt,
493 2930 596 2988 ceteris
616 2929 701 3002 ionge
722 2927 894 2985 eruditiores
915 2931 944 2986 et
964 2927 994 2984 in
1009 2927 1120 2999 magnis
1134 2923 1291 2986 honoribus
1308 2925 1418 2998 degunt

239 3037 271 3116 et
287 3034 335 3108 qui
346 3034 430 3092 ¹lucro
446 3033 588 3092 inhiantes
603 3031 691 3092 verbo
709 3037 921 3105 cauponantur,
943 3033 973 3090 et
990 3031 1104 3089 tametsi
1126 3032 1216 3104 probe
1231 3035 1416 3104 perspectum

242 3137 385 3210 habeunt,
408 3138 583 3212 doctrinam,
607 3154 662 3210 que
678 3137 862 3210 praedicatur-
876 3121 975 3195 sanam
990 3141 1020 3194 et
1034 3151 1131 3194 veram
1147 3151 1218 3208 esse,
1234 3139 1331 3193 tamen
1347 3135 1417 3208 quia

225 3243 227 3250 ’
243 3247 372 3302 ventrem
388 3243 510 3314 prodeo
526 3242 634 3300 habent
652 3249 681 3300 et
695 3245 827 3306 metuunt
846 3257 883 3299 ne
905 3237 975 3314 quid
989 3241 1035 3299 vel
1048 3239 1204 3300 honoribus
1220 3221 1278 3298 suis
1293 3239 1341 3298 vel
1353 3239 1417 3298 lan-

244 3347 329 3430 dibus
342 3345 463 3405 abcedat
478 3346 562 3420 (nibil
577 3347 652 3404 enim
667 3346 746 3404 aliud
761 3347 813 3404 sub
828 3351 972 3419 pretextu
980 3345 1127 3418 religionis
1136 3331 1287 3418 quaerunt)
1301 3345 1333 3402 hi
1347 3361 1414 3418 per·

242 3451 415 3510 tinaoissimo
438 3450 505 3508 odio
526 3451 670 3508 Christum
694 3455 723 3509 et
743 3434 811 3532 suos
830 3455 1050 3524 persequuntur,
1073 3450 1172 3523 quales
1186 3441 1304 3532 fuerunt
1318 3451 1415 3522 ponti·

243 3553 314 3640 fices·
329 3571 364 3614 ac
377 3553 512 3628 pharisoei
527 3560 557 3613 et
572 3555 672 3614 scribae
688 3553 764 3628 apud
773 3554 909 3628 ¹iudaeos,
931 3553 970 3612 ad
984 3556 1056 3627 q'uos
1072 3553 1201 3612 Christus
1215 3555 1272 3612 ait:
1296 3555 1348 3614 Vae
1364 3571 1414 3614 vo-

231 3659 288 3718 ·bis
303 3661 404 3718 scribae
422 3677 456 3718 uc
470 3651 615 3735 pharisaei,
633 3660 682 3733 qui
698 3659 751 3718 sub
765 3663 908 3732 praetextu
922 3658 1016 3732 longa
1032 3660 1170 3718 orationis
1186 3664 1348 3732 etprecum
1363 3659 1414 3719 do·

241 3765 471 3829 mosviduarum
496 3771 525 3824 et
547 3765 721 3839 pupillorum
742 3764 885 3824 devoratis
905 3768 959 3822 eto.
982 3764 1022 3822 Et
1036 3764 1066 3824 bi
1081 3779 1194 3839 semper
1208 3765 1310 3838 pietati
1330 3779 1416 3823 nocu-

242 3875 311 3928 runt
325 3871 410 3929 etiam
421 3869 648 3949 apudethnicos.
688 3869 773 3927 Taies
786 3847 861 3931 enirn
873 3874 903 3926 et
913 3873 996 3926 erant
1006 3866 1155 3942 aurifabri,
1172 3870 1221 3942 qui
1235 3867 1417 3928 fabricabant

221 3975 356 4034 ‘eremas
377 3981 407 4033 et
430 3973 551 4034 delubra
569 3975 671 4034 Dianae
690 3974 733 4031 illi
747 3971 894 4048 Ephesia,
915 3972 1014 4032 Actor.
1035 3976 1073 4030 19
1091 3977 1150 4032 etc..
1184 3974 1269 4032 Tales
1286 3980 1315 4032 et
1328 3975 1416 4034 hodie

243 4079 337 4138 nostri
353 4085 420 4138 sunt
434 4079 609 4155 adversarii,
632 4079 748 4139 omnine
767 4078 914 4136 sanctitati
935 4093 995 4136 suae
1015 4077 1174 4136 tribuentes
1195 4083 1224 4136 et
1246 4093 1299 4136 suo
1320 4080 1417 4138 ventri

233 4162 411 4242 metuentes.
452 4184 614 4249 Secundum
632 4201 702 4243 vero
716 4183 771 4242 hoo
785 4188 1000 4256 persecutorum
1020 4197 1110 4256 genus
1126 4187 1183 4256 est,
1206 4181 1255 4256 qui
1270 4181 1416 4242 destinato

243 4287 338 4346 animo
359 4289 480 4346 scientes
505 4289 534 4348 et
557 4289 602 4347 sui
620 4289 694 4348 lucri
714 4303 748 4346 ac
769 4284 886 4346 honoris
909 4288 1003 4362 gratia
1021 4289 1127 4362 agnita
1142 4287 1257 4346 veritati
1271 4287 1418 4348 contradi·

243 4398 312 4451 cunt
328 4397 357 4452 et
372 4393 434 4466 ejus
449 4397 609 4452 assertores
624 4393 737 4466 abusis,
758 4392 917 4467 pudicitur,
941 4393 1030 4452 oculis
1046 4395 1265 4466 persequuntur.
1302 4389 1417 4450 Horum

244 4488 320 4556 salus
336 4497 519 4571 desperanda
538 4503 585 4574 'est
606 4498 707 4570 etjam
723 4515 798 4558 nuuc
812 4499 842 4557 in
855 4500 960 4574 bqueo
983 4497 1091 4558 diaboli
1106 4503 1136 4558 et
1149 4495 1332 4556 manatione
1348 4513 1416 4572 per·
