3020 5112
779 411 841 478 1811

219 637 223 642 -
308 598 417 657 Eadem
440 597 620 656 amanuensis
648 595 696 676 ille
721 595 818 654 attulit
839 593 977 665 scriptmn
1006 591 1221 666 supplicationis
1242 589 1396 650 ‚ciuitatum

218 708 322 762 contra
337 701 500 760 intricatum
513 701 639 774 interim,
655 701 766 773 aceepit
779 699 878 758 batzos
892 704 960 756 tres.
1022 728 1024 736 ·

266 839 279 847 .
308 805 419 865 Eadem
437 805 537 880 primae
557 803 644 866 loetus
664 821 756 879 nuper
772 785 837 862 nati
859 803 973 861 interim
996 801 1165 876 prostabant
1180 803 1291 878 etanta
1306 799 1394 858 meri·

217 893 404 971 diem-omnia
418 909 593 988 exemplaria
607 909 744 968 distracta
759 913 835 966 sunt.
865 908 1105 981 imminuebantur
1121 911 1226 978 autem,
1243 921 1280 976 ne
1294 909 1396 964 tantus

216 1015 307 1077 foetas
321 1017 439 1090 periret,
455 1004 534 1075 intra
548 1015 628 1074 brevi
643 1013 804 1073 triamillia
818 1013 1022 1084 exemplorum.
1109 1007 1114 1012 “

307 1121 393 1194 Apud
408 1122 539 1180 comitem
554 1136 572 1178 a
585 1119 701 1177 Nassau
716 1133 809 1177 comes
824 1133 842 1176 ι
857 1117 943 1188 Zorn,
968 1115 1016 1188 qni
1032 1116 1082 1173 ιι·
1074 1131 1136 1188 ipse
1151 1125 1233 1174 anno
1242 1115 1394 1187 superiore
1500 1113 1501 1124 ¹

219 1216 394 1298 expeditioni
408 1219 623 1288 Boceolmaritae
638 1221 819 1330 interfuerat,
836 1219 935 1281 adduit
966 1221 1110 1280 Sertorius
1125 1219 1277 1278 Basilaeam
1291 1237 1392 1278 rever·

216 1345 268 1388 sus
283 1321 352 1388 dicit
339 1334 396 1388 t.nr
1342 1332 1346 1340 '

307 1433 425 1492 Aulicus
446 1433 561 1505 quidam
584 1431 668 1492 colax
689 1431 757 1490 dnm
778 1377 897 1490 Carolus
916 1445 1007 1489 caesar
1026 1430 1157 1504 proxima
1175 1428 1277 1502 hyeme
1298 1429 1392 1488 Ulmae

217 1537 289 1596 dies
296 1538 406 1610 aliquot
420 1541 609 1596 commoneret
610 1553 653 1608 nr,
672 1535 798 1594 libellum
814 1537 914 1610 caesari
929 1535 1026 1593 attulit
1041 1551 1059 1592 a
1074 1534 1197 1606 quodam
1213 1535 1390 1608 ecclesiaste,

217 1646 252 1699 nt
265 1641 312 1699 hic
326 1642 408 1702 colax
422 1642 577 1714 retulerat,
603 1643 633 1698 in
653 1641 853 1699 contumeliam
875 1639 1055 1712 imperatoris
1077 1639 1276 1715 conscriptum,
1293 1640 1393 1699 multa

217 1746 401 1806 deblaterans
416 1747 452 1806 de
467 1745 577 1805 famoso
592 1746 647 1804 hoc
659 1745 768 1816 libello,
784 1745 959 1815 existimans,
983 1743 1097 1802 ιιιιιιι
1112 1745 1235 1801 animum
1250 1744 1392 1802 adversus

216 1855 348 1910 autorem
363 1852 428 1910 libri
444 1851 657 1912 concitatiorem
671 1851 803 1908 reddere.
838 1849 878 1906 At
891 1863 981 1927 cesar
993 1849 1189 1920 interrogavit,
1206 1848 1392 1920 quandonam

215 1953 265 2014 hic
278 1955 352 2014 liber
366 1956 542 2031 coomnipttis
559 1954 624 2014 est?
644 1954 786 2012 Adulator
800 1951 872 2024 infit,
889 1953 1019 2025 proximo
1035 1954 1132 2025 elapso
1145 1953 1284 2025 Augusto
1291 1971 1390 2012 mense

218 2061 356 2131 seriptum
372 2077 443 2120 esse.
482 2059 528 2119 Ad
541 2061 605 2118 haec
619 2075 722 2118 cesar:
744 2059 820 2116 Tum
835 2057 929 2115 adhuc
943 2057 1093 2124 Ulmenses
1112 2073 1143 2116 se
1161 2057 1260 2116 hostes
1274 2064 1390 2128 nostros

215 2162 435 2239 profitebantur,
452 2166 572 2246 nuncin
588 2165 711 2237 gratiam
726 2161 835 2234 recepti
850 2167 925 2220 sunt.

306 2270 373 2326 Non
388 2285 423 2326 ex
438 2267 535 2327 infima
549 2271 632 2343 plebe
646 2269 731 2328 homo
747 2267 863 2341 quidam
878 2265 988 2339 ajebat,
1014 2259 1149 2324 caesarem
1169 2283 1316 2338 nunquam
1331 2280 1391 2325 me·

214 2373 289 2448 lione
305 2374 469 2432 valetudine
484 2389 556 2447 esse,
573 2389 660 2446 qnam
675 2389 738 2430 cum
753 2374 784 2430 in
797 2373 898 2430 castris
915 2371 1042 2444 degeret,
1059 2371 1111 2430 sed
1125 2373 1243 2429 nimium
1257 2375 1392 2430 constare

217 2477 345 2549 pillulas,
369 2478 471 2549 quibus
491 2479 571 2536 alvus
587 2480 661 2537 tanti
675 2478 766 2537 leonis
782 2458 968 2550 dejiceretur,
986 2477 1117 2534 nimirum
1133 2477 1322 2550 principatus,
1338 2475 1392 2534 dn·

215 2583 299 2638 catus
315 2585 344 2638 et
360 2583 510 2639 comitatus
524 2583 628 2646 multos
643 2587 696 2640 etc.
790 2625 795 2632 -

306 2684 445 2744 Dominus
463 2686 501 2744 de
522 2687 708 2746 Medruschia
737 2691 805 2744 ante
827 2703 934 2760 paucos
957 2661 1021 2744 dies
1036 2687 1181 2744 consulem
1204 2687 1412 2760 Herbrotum,-

215 2791 295 2863 quod
311 2793 348 2850 ad
363 2807 498 2851 cesarem
516 2799 635 2852 uocatus
655 2795 787 2851 morbum
802 2791 937 2853 simulans
952 2791 1051 2850 venire
1066 2790 1164 2862 nodet,
1187 2791 1261 2848 lecto
1276 2789 1390 2850 decum-

218 2894 333 2954 bentem
347 2897 551 2974 expergefecit,
564 2903 675 2956 ιιιιιιιιιι
689 2897 787 2955 tunica
800 2898 887 2956 talari
902 2910 989 2968 super
1004 2897 1147 2956 indusium
1162 2896 1269 2953 lineum
1283 2896 1392 2967 injecta

214 3000 255 3059 ad
268 3001 423 3074 hospitium
437 3019 519 3060 suum
535 3002 636 3061 deduci
649 3002 736 3075 jussit
750 3000 924 3073 ibidemque
922 3001 1046 3061 ιι11ιιιι”
1037 3019 1068 3066 nr
1081 3001 1173 3059 libera
1189 3000 1321 3058 custodia
1338 3001 1388 3059 de-

217 3105 335 3196 tinctum.
390 3106 575 3183 Sesamus
561 3105 650 3164 millia
664 3105 822 3178 numinum,
846 3111 891 3167 nt
897 3120 994 3164 rumor
1008 3106 1038 3163 in
1053 3106 1119 3164 aula
1134 3106 1249 3163 caesaris
1265 3109 1309 3162 est
1310 3121 1390 3178 ,pro

214 3215 299 3274 tauta
314 3212 504 3269 somnolentia
515 3209 569 3270 dat
556 3215 647 3272 murus

305 3311 441 3384 Personae
456 3315 590 3388 quinque,
605 3331 729 3388 quarum
748 3313 871 3382 nomina
878 3331 969 3374 cesar
984 3316 1084 3380 sibiin
1099 3315 1237 3372 ιιιιιιιι
1216 3319 1295 3394 trane
1310 3331 1390 3373 men-

213 3418 269 3476 tali
285 3425 314 3476 et
328 3419 432 3476 scrinio
448 3421 572 3491 pectoris
600 3419 648 3496 (nt
663 3418 880 3481 decretistarum
895 3421 989 3487 verbis
1004 3417 1083 3494 utar)
1107 3419 1273 3490 reservavit,
1296 3421 1329 3477 in
1344 3436 1390 3480 ca·

215 3522 387 3602 pitulatione
409 3529 571 3596 augustana
587 3541 643 3582 non
660 3527 865 3598 comprehensi
878 3532 956 3597 sunt,
983 3525 1012 3582 in
1037 3541 1108 3598 quos
1132 3525 1389 3598 quomodocunque

214 3629 258 3686 illi
273 3629 389 3688 libuerit
404 3629 634 3688 animaduertere
648 3629 757 3688 liceret.

192 3785 198 3794 ι
239 3755 251 3768 „
305 3734 390 3806 Vulgi
404 3735 435 3791 in
450 3733 581 3792 consules
596 3735 748 3796 manulius
760 3749 798 3794 ea
812 3735 1146 3820 hicvmaleuulentiaesse
1157 3733 1272 3806 dicitnr,
1289 3740 1323 3794 ιιι
1337 3751 1388 3796 ιιι

204 3855 269 3912 ¹pro
283 3838 758 3912 Burgum-ersten=uurgemeisteros
773 3845 884 3906 vocent.

148 3923 151 3930 ’
261 3983 263 3988 -
304 3945 353 4016 xxj
370 3944 449 4024 Junii
464 3945 614 4016 intemplo
629 3945 774 4002 Minorem
788 3945 919 4002 dominus
934 3942 1220 4028 donnaus-Hernicus
1235 3945 1388 4016 err'prirna

212 4046 337 4104 loannis
353 4033 475 4118 epistola
488 4063 551 4120 cap.
570 4045 598 4106 2'.
613 4048 676 4106 haec
692 4050 780 4108 verba
800 4049 882 4122 legit:
909 4048 974 4106 »Νι
982 4046 1115 4120 diligatis
1130 4042 1276 4122 mundum,
1293 4065 1387 4124 neque

213 4166 252 4209 ea
264 4167 330 4223 ¹qaue
345 4153 376 4211 in
391 4137 495 4210 mundo
510 4159 586 4234 sunt.
619 4153 650 4211 Si
666 4155 733 4226 quis·
745 4154 839 4226 diligit
853 4152 1004 4224 mundum,
1021 4167 1079 4210 non
1096 4157 1140 4210 est
1154 4131 1279 4212 cha-ritas
1294 4157 1387 4228 patris

214 4255 246 4313 in
261 4271 305 4328 eo,
322 4257 457 4328 qnoniam
472 4273 556 4316 omne
572 4257 648 4330 quod
664 4260 751 4317 estin
766 4255 882 4329 mundo,
899 4257 987 4315 veluti
1000 4259 1233 4330 'concupiscentia
1246 4261 1342 4318 carnis
1357 4266 1387 4319 et

212 4361 446 4440 coucupiscentia
461 4361 608 4423 oculorum
623 4368 652 4430 et
666 4361 759 4421 sactus
774 4363 841 4422 ritae
856 4377 915 4420 nou
931 4365 1026 4430 estex
1040 4367 1137 4444 patre,
1162 4362 1213 4422 sed
1228 4379 1264 4422 ex
1278 4365 1386 4426 mondo

212 4460 271 4522 est}
301 4465 345 4524 Et
353 4466 475 4535 anundus
491 4470 595 4528 transit
609 4473 638 4528 ct
652 4468 883 4540 concupiscentia
896 4467 976 4542 ejus«
995 4473 1049 4526 etc.
1071 4445 1125 4526 llic
1140 4469 1261 4542 primum
1273 4469 1384 4545 aduenit,
