3046 5104
143 617 280 686 tempore
295 614 463 674 tentationis
478 613 532 672 hoe
546 611 690 672 recedant.
715 612 749 672 Id
763 617 793 671 te
807 626 942 684 rogamus
956 610 1161 686 percuratum
1176 610 1322 672 dominnm

144 723 289 776 nostrum.
313 719 415 778 Amen.

238 825 279 896 xij
288 823 362 897 Maji
377 825 408 882 iu
423 826 529 898 templo
538 826 681 884 minorum
690 823 849 884 audivimus
859 825 1002 898 quendam
1013 824 1121 884 anchis
1131 825 1253 884 antehac
1264 841 1322 886 nen

146 929 251 1004 rmum,
276 930 327 1001 qui
349 932 379 987 et
398 929 529 990 doctrine
548 935 578 989 et
599 932 728 991 oratione
748 947 805 990 non
826 932 959 992 indoctus
974 931 1134 990 videbatur.
1188 930 1324 1004 Prelegit

147 1040 247 1092 antem
262 1035 391 1094 ecclesiae
407 1052 443 1094 ex
458 1037 558 1110 pmmee
573 1029 693 1096 loannis
708 1035 837 1109 epistolae
848 1037 942 1110 capite
953 1039 971 1094 2
981 1037 1043 1094 hac
1052 1036 1156 1096 verba:
1182 1036 1227 1094 «lt
1241 1035 1324 1096 nobis

147 1138 273 1214 proiecti
287 1144 364 1214 eunt,
381 1141 432 1199 sed
447 1157 506 1200 non
521 1146 605 1200 erant
619 1157 656 1209 ex
665 1142 756 1201 nobis.
802 1143 877 1202 Nam
892 1144 917 1201 si
939 1141 1063 1204 fuissent
1084 1159 1121 1203 ex
1136 1143 1232 1217 nobis,
1255 1159 1321 1218 per·

147 1247 322 1306 mansissent
337 1247 438 1320 utique
453 1247 609 1322 rothaum,
622 1248 675 1307 sed
689 1253 722 1306 nt
735 1246 879 1308 manifesti
893 1247 1004 1324 fierent,
1023 1251 1100 1322 qnod
1114 1265 1173 1309 non
1189 1251 1247 1310 siut
1261 1265 1321 1308 om·

136 1367 201 1410 nes
211 1352 369 1412 exnchis.»
395 1352 506 1413 Deinde
523 1355 577 1414 ait:
595 1353 770 1429 charissimi,
786 1354 1005 1429 memoremur,
1022 1357 1124 1414 mirum
1134 1355 1216 1418 nubis
1231 1352 1323 1417 videri

147 1474 209 1518 non
225 1456 339 1532 debere,
357 1459 381 1516 si
396 1459 526 1520 nonnulli
540 1464 569 1517 et
591 1458 646 1518 hoc
668 1465 797 1534 tempore
812 1477 830 1519 ι
845 1461 928 1520 nohis
942 1461 1089 1536 recedunt,
1112 1461 1161 1534 qui
1175 1459 1322 1522 netlmnm

149 1563 339 1641 Evapgeliom
357 1564 480 1638 amplexi
495 1561 625 1637 fuerant,
649 1564 716 1622 dum
731 1564 853 1638 idipsum
867 1570 996 1641 tempore
1012 1565 1119 1625 Christi
1133 1573 1163 1626 et
1177 1565 1320 1640 apostolo-

148 1683 215 1729 rum
230 1667 369 1726 accidisse
383 1669 540 1728 videamus.
564 1667 680 1742 Magnae
694 1675 792 1751 autem
807 1672 996 1731 consolationi
1015 1671 1096 1730 nobis
1116 1671 1162 1744 sit,
1187 1669 1265 1743 quod
1277 1669 1325 1730 di·

150 1773 206 1830 cit:
236 1772 307 1831 «sed
322 1789 358 1830 ex
373 1771 456 1833 nobis
471 1791 530 1832 non
545 1780 624 1847 sunt,
641 1789 740 1832 rerum
755 1781 788 1833 ιιι
802 1775 1028 1850 manifestentur,
1051 1776 1100 1847 qui
1116 1791 1152 1834 ex
1166 1775 1251 1836 notis
1262 1791 1326 1838 neu

149 1881 248 1936 sunt.»
274 1877 431 1950 Nunquam
446 1879 492 1936 cni
502 1895 567 1937 mex
583 1869 669 1938 eorde
683 1879 834 1938 vamtatem
853 1881 994 1955 evangelii
1008 1884 1205 1953 susceperunt,
1222 1885 1252 1937 et
1266 1879 1320 1938 soie

149 1999 214 2042 mus
230 1984 370 2056 ejusmodi
384 1981 496 2044 futuros
512 1990 541 2044 et
557 1985 700 2044 dominum
716 1989 746 2044 et
760 1985 905 2058 apostoles
920 1987 1098 2060 praedixisse.
1137 1984 1321 2042 Potissimum

150 2103 223 2148 vero
243 2089 321 2148 hisce
343 2089 450 2148 ultimis
470 2089 645 2164 temporibus
670 2091 710 2148 sie
731 2087 910 2178 manifestari
934 2093 1063 2165 oportuit
1081 2089 1178 2151 odium
1199 2087 1270 2148 Cain
1291 2089 1322 2148 in

150 2192 272 2253 fratrem
286 2195 432 2254 innoxium
448 2194 575 2254 Abelem.
622 2195 669 2254 Sic
684 2195 893 2254 inhonestatem
909 2195 997 2255 Chen
1012 2196 1042 2254 in
1057 2193 1214 2254 deridendo
1229 2195 1320 2267 turpi-

150 2299 282 2359 tudinem
297 2298 388 2374 patris
404 2299 504 2374 Noah,
529 2301 569 2361 sic
592 2317 705 2373 quoque
726 2304 846 2360 animus
859 2318 1010 2375 perversus
1033 2302 1125 2362 Saulis
1145 2301 1271 2360 innotuit
1291 2301 1322 2358 in

149 2405 351 2478 persequendo
367 2405 505 2479 optimum
520 2385 673 2479 Davidem,
700 2413 729 2465 at
748 2409 798 2464 eor
812 2407 896 2466 Judae
919 2407 1074 2482 proditoris
1089 2408 1123 2464 in
1142 2408 1321 2466 innocentem

151 2507 306 2568 Christum.
330 2511 369 2570 Et
384 2507 545 2584 quanquam
562 2511 693 2570 dominns
714 2513 788 2570 diem
813 2515 959 2588 statuerit,
982 2514 1032 2587 qui
1047 2527 1100 2572 nec
1114 2514 1215 2588 procul
1230 2513 1321 2587 abest,

150 2616 181 2673 in
197 2621 436 2687 quesanctorum
452 2616 508 2674 erit
520 2616 667 2690 iudicium,
691 2622 788 2676 tamen
810 2619 891 2691 prius
912 2620 1069 2691 nequitiam
1084 2619 1223 2678 malomm
1240 2618 1323 2678 deco·

151 2727 282 2796 opertam
296 2721 366 2794 vult,
381 2726 415 2780 ιι
430 2737 617 2794 agnoscamus
632 2722 782 2781 veritatem
797 2723 939 2781 dictorum
954 2721 1077 2782 Christi:
1101 2723 1182 2804 Nihil
1197 2728 1241 2782 est
1255 2722 1321 2788 ahs·

150 2825 309 2900 eonditum,
343 2827 421 2898 quod
444 2829 670 2886 non-reveletur
690 2827 805 2887 domino
829 2827 883 2887 deo
904 2834 1002 2888 nostro
1017 2829 1170 2899 scrutatori
1193 2827 1322 2904 cordium
1401 2823 1403 2830 '

151 2939 181 2992 et
199 2929 351 3006 probatori
368 2947 483 3006 renum,
509 2949 546 2990 ne
566 2933 707 3005 cogitatus
729 2931 843 3005 quidem
863 2938 977 2992 nostros
999 2935 1076 3017 clam
1088 2949 1158 2992 esse.
1198 2933 1277 2992 Sicut
1291 2935 1321 2991 in

151 3035 275 3109 Saphira
289 3041 319 3095 et
334 3037 447 3096 duania
462 3037 619 3095 actomm5
637 3039 780 3111 apparuit,
798 3039 847 3110 qui
863 3037 1017 3097 subitanee
1027 3039 1058 3096 in
1073 3039 1254 3112 correptione
1269 3051 1322 3110 per

150 3141 441 3214 Petrumperiemnt.
462 3143 621 3216 Discemm,
633 3138 742 3216 inquit.
751 3145 860 3226 cautius
876 3143 1006 3218 mercari,
1024 3149 1053 3202 et
1068 3147 1195 3203 actorum
1210 3147 1323 3202 nestro·

150 3261 214 3302 rum
223 3247 366 3304 rationem
375 3245 539 3306 habeamus.
565 3247 622 3306 Sed
637 3249 703 3321 quia
718 3247 749 3306 id
761 3249 888 3309 an‘nebis
898 3249 967 3322 ipsis
980 3265 1038 3308 non
1052 3230 1211 3323 possumus,
1228 3245 1322 3306 Deum

151 3348 359 3411 ardentissimis
374 3354 448 3412 rotis
463 3343 617 3428 pulsemus,
635 3371 690 3427 quo
706 3355 838 3429 spiritum
850 3371 934 3412 suum
957 3355 1064 3414 bonum
1079 3354 1169 3412 nobis
1178 3351 1274 3426 donet,
1290 3355 1322 3409 ut

149 3455 180 3514 in
195 3457 341 3528 agnitione
358 3463 387 3517 et
402 3441 578 3518 confessione
593 3457 701 3518 Christi
715 3460 857 3518 constanti
872 3458 929 3518 fide
945 3475 1171 3533 permaneamus,
1203 3447 1265 3517 Nec
1280 3453 1322 3515 oi·

148 3559 302 3620 tendamur
327 3562 457 3637 exemplo
478 3564 665 3622 recidentium
686 3565 723 3623 ad
739 3565 866 3624 seculum
890 3571 920 3624 et
939 3566 970 3622 in
992 3565 1152 3624 tentatione
1175 3560 1323 3624 nobiscum

149 3667 307 3740 persistere
328 3669 493 3728 nolentium.
527 3669 672 3742 Rogemus
687 3672 769 3743 item,
793 3675 825 3728 nt
839 3670 957 3729 verbnm
978 3686 1060 3728 suum
1075 3669 1157 3728 nohis
1173 3667 1279 3727 diutius
1295 3673 1325 3724 et

149 3772 315 3845 relinquere
331 3779 360 3832 et
372 3775 516 3848 impartiri
533 3774 676 3848 dignetur.
700 3774 841 3849 Attouda,
858 3791 875 3832 o
891 3774 1017 3850 prudens
1033 3773 1233 3846 christisequa,
1248 3771 1323 3830 hanc

150 3877 309 3937 clausulam
324 3883 381 3936 noh
398 3879 448 3937 abs
464 3895 496 3937 re
513 3895 531 3937 a
545 3881 795 3939 concionatoribus
809 3877 985 3952 Augustanis
1001 3878 1182 3937 concionibus
1198 3883 1228 3936 et
1242 3877 1324 3937 obse·

150 3981 328 4042 erationibus
344 3985 441 4058 populi
457 3985 553 4058 adjici,
570 3986 593 4042 si
608 3986 734 4042 animum
748 3989 846 4044 vertas
857 3990 886 4043 et
895 3983 1081 4057 retrospicias
1096 3982 1134 4042 ad
1147 3977 1322 4057 pontificium

150 4093 181 4147 et
195 4087 405 4162 Epicureorum
420 4089 555 4149 subdolos
572 4095 700 4164 conatus,
716 4095 863 4163 potentum
879 4087 1041 4147 vecordiem
1056 4093 1085 4148 et
1099 4088 1178 4162 vulgi
1193 4087 1322 4146 christia·

150 4209 254 4254 norum
270 4193 369 4271 (deiis
384 4195 504 4269 loquor,
530 4195 578 4267 qui
595 4193 677 4267 vvulgi
696 4195 843 4267 ingenium
863 4195 1037 4268 sequuntur,
1054 4194 1172 4256 ,etiamsi
1186 4195 1324 4265 triereges

150 4299 210 4358 sint
224 4299 270 4359 vel
291 4297 448 4375 principes)
472 4299 510 4358 ad
531 4299 699 4358 Antichristi
724 4315 793 4374 opes
808 4302 994 4374 respicientis,
1011 4306 1047 4370 et
1060 4299 1091 4359 id
1106 4295 1184 4374 'apud
1199 4307 1257 4371 eos,
1274 4297 1324 4370 qui

150 4405 279 4478 potiores
294 4405 370 4464 inter
390 4421 442 4464 nos
461 4403 553 4464 videri
572 4405 680 4464 volunt.
719 4404 782 4463 Hoc
798 4404 874 4464 Catti
896 4404 938 4463 illi
960 4411 990 4464 et
1005 4406 1156 4480 diligentes
1170 4403 1253 4464 serbi
1266 4399 1323 4459 Dei

150 4506 367 4583 dispensatores
382 4510 503 4584 lynceis·
514 4510 603 4568 oculis
618 4510 804 4583 prospiciunt.
835 4509 905 4569 Ideo
920 4509 1039 4570 oviculis
1054 4511 1213 4569 acclamant
1227 4513 1258 4566 et
1272 4519 1321 4564 eas

1059 4617 1076 4671 6
1094 4613 1110 4646 ΙΙι
