3046 5104
783 408 827 474 90

214 591 299 652 nohis
321 606 340 650 a
359 589 589 652 Breidslariense
616 591 755 650 monacho
782 588 885 672 iactam
913 597 1075 650 recenseret
1097 591 1217 664 eiusque
1237 587 1389 664 consilium

214 713 300 770 super
321 696 376 756 hae
397 713 430 756 re
452 697 572 770 peteret.

304 801 352 875 xiij
371 801 444 876 Maji
469 803 499 860 in
520 801 627 875 templo
647 799 791 860 Mincrum
807 800 835 858 d.
851 797 1020 860 Leonardus
1043 818 1079 860 ex
1094 818 1157 875 cap.
1180 801 1274 860 Marci
1287 800 1388 858 ultimo

215 897 363 966 historiam
384 905 559 968 ascensionis
582 903 731 964 dominicae
755 904 927 978 perpulchre
951 907 1146 980 concinnavit,
1175 922 1209 966 ao
1223 905 1333 980 inquit,
1348 905 1390 964 Et

214 1008 347 1068 dominus
362 1012 513 1084 postquam
527 1010 639 1069 locutus
655 1014 700 1070 est
715 1009 779 1068 illis.
812 1011 897 1083 Quid,
914 1011 1016 1084 inquit,
1033 1012 1143 1072 loeutus
1159 1018 1204 1072 est
1216 1007 1282 1073 eis?
1296 1010 1389 1068 Nimi-

214 1129 277 1172 rum
293 1115 392 1174 cosin
416 1130 528 1174 omnem
548 1121 656 1176 terram
680 1113 760 1174 abire
787 1121 817 1174 et
832 1114 1010 1190 evangelium
1032 1118 1109 1176 omui
1125 1122 1266 1192 creaturae
1281 1114 1389 1188 praedi-

214 1235 280 1278 care
292 1220 380 1292 jussit
394 1225 448 1280 etc.
473 1219 607 1280 Sublatos
621 1226 665 1280 est
680 1221 709 1278 in
725 1219 823 1293 coelos,
840 1225 869 1278 et
883 1219 914 1304 id
928 1236 986 1280 non
1002 1213 1205 1294 adjuvantibus
1220 1219 1339 1293 angelis,
1355 1224 1390 1278 ut

213 1324 343 1383 nonnulli
357 1325 486 1383 baeretioi
501 1326 688 1385 somniarunt.
713 1325 769 1384 Sed
781 1325 857 1384 sicut
871 1324 1001 1386 (lhristus
1012 1341 1114 1400 passus
1129 1330 1173 1384 est
1188 1329 1217 1384 et
1228 1324 1390 1384 resurrexit

214 1445 268 1504 pro
291 1428 373 1489 nohis
394 1431 500 1490 virtute
520 1431 651 1504 propria,
673 1432 720 1514 ita
734 1445 846 1504 quoque
866 1431 991 1505 gloriose
1011 1429 1143 1490 escendit
1166 1429 1317 1492 macelot.
1345 1427 1389 1487 Et

214 1533 282 1606 quid
304 1550 400 1594 rerum
422 1535 462 1594 ibi
483 1533 564 1608 agitl
591 1534 691 1595 ,Sedet
714 1534 753 1594 ad
767 1535 915 1596 denarum
935 1537 1027 1610 patria
1049 1538 1078 1594 in
1093 1535 1243 1612 majestate
1259 1533 1387 1608 ciusdem

214 1653 298 1696 vome
313 1638 384 1706 deus
399 1645 429 1699 et
442 1641 527 1702 homo
542 1655 596 1714 pro
623 1638 705 1699 nobis
720 1640 924 1716 interpollens,
949 1641 1042 1713 gratia
1066 1646 1162 1700 autem
1176 1655 1229 1700 sua
1244 1645 1274 1700 et
1289 1640 1388 1700 diviua

214 1745 370 1820 praeseutia
384 1745 532 1806 nobiseum
547 1743 661 1804 iuturus
676 1761 767 1818 usque
783 1745 820 1806 ad
835 1746 1106 1804 consummationem
1122 1745 1220 1804 seculi.
1259 1745 1319 1820 ipsi
1334 1760 1387 1804 au·

214 1857 272 1912 iem
284 1856 422 1912 exeuntes
434 1850 666 1927 praedicabantin
678 1850 807 1912 omnibus
816 1850 886 1910 locis
897 1855 950 1910 etc.
967 1849 1022 1908 llic
1032 1851 1170 1925 videmus,
1184 1850 1286 1925 inquit,
1301 1866 1387 1924 quam
1455 1851 1459 1856 ’

214 1955 329 2016 domino
351 1971 428 2016 curae
452 1955 547 2030 luerit,
571 1954 723 2032 predicari
745 1955 923 2030 evangelium
943 1961 972 2014 et
993 1955 1023 2016 id
1043 1955 1152 2030 ipsum,
1173 1960 1208 2014 nt
1223 1971 1311 2028 supra
1326 1956 1386 2016 dio·

214 2067 276 2120 turn
291 2063 344 2136 est,
360 2063 437 2122 omni
451 2066 601 2122 creatora.
624 2061 680 2122 Hic
695 2068 789 2120 summ
806 2075 858 2120 nec
872 2060 917 2120 vir
932 2074 989 2120 neo·
998 2058 1125 2134 foemina,
1141 2075 1194 2120 neo
1208 2076 1317 2135 servus,
1333 2078 1388 2121 neo

172 2228 177 2235 ,
214 2182 333 2255 pauper,
349 2181 402 2226 nec
411 2165 499 2242 dives,
510 2173 560 2228 aut
569 2165 687 2228 Graecus
695 2173 745 2228 aut
754 2166 882 2248 ludens,
891 2165 1006 2240 Scytha,
1015 2164 1175 2226 Germanus
1184 2173 1236 2226 aut
1244 2165 1387 2228 barbarus

216 2272 365 2346 excipitur.
405 2273 478 2344 Quia
493 2289 551 2332 non
567 2278 611 2334 est
625 2264 814 2360 personarum
828 2272 956 2346 acceptio
971 2271 1050 2346 apud
1063 2270 1171 2345 Deum,
1195 2271 1246 2344 sed
1260 2287 1296 2330 ex
1310 2274 1388 2332 omni

215 2377 301 2454 g'entc
316 2381 345 2436 et
360 2383 439 2437 terra
454 2378 556 2452 recipit
572 2390 638 2451 nos,
669 2380 693 2436 si
713 2379 798 2438 modo
822 2377 935 2438 Christo
960 2378 1023 2451 quis
1043 2377 1152 2436 haereat
1171 2385 1199 2436 et
1220 2376 1309 2436 verbo
1324 2379 1387 2450 ejus

215 2477 336 2557 audiens
351 2480 446 2542 fuerit.
470 2479 510 2542 Et
524 2487 604 2543 tanto
627 2481 707 2549 bono,
719 2499 802 2543 nemo
817 2483 987 2556 excluditur,
1011 2483 1065 2542 nisi
1088 2482 1137 2556 qui
1152 2482 1317 2542 incredulus
1332 2488 1385 2547 est.

215 2587 303 2646 lubet
317 2583 414 2645 autem
429 2586 580 2660 predicari
595 2588 783 2661 Evangelium
799 2595 828 2650 et
842 2590 896 2648 hoo
911 2588 1034 2648 unicum.
1068 2587 1237 2648 sicutenim
1252 2604 1326 2646 unus
1342 2596 1387 2649 est

215 2689 295 2750 Deus
310 2695 341 2750 et
354 2707 428 2750 unus
443 2689 584 2752 mediator
597 2689 683 2754 lesus
694 2690 834 2767 Christus,
850 2695 891 2754 ita
907 2708 958 2754 neo
974 2699 1018 2752 est
1033 2707 1086 2752 nec
1101 2693 1158 2752 erit
1171 2693 1226 2752 nisi
1242 2709 1300 2754 uua
1314 2709 1386 2752 vera

215 2802 246 2856 et
259 2800 399 2870 perpetua
415 2797 516 2871 religio
532 2805 561 2857 et
575 2800 676 2858 unicus
696 2812 780 2858 verus
796 2797 851 2856 Dei
865 2798 980 2871 onituss
990 2797 1109 2858 credere
1124 2797 1232 2858 scilicet
1245 2799 1277 2858 in
1292 2799 1385 2858 mum

217 2907 329 2977 patrem
345 2909 374 2962 et
389 2919 473 2976 quem
489 2904 565 2962 misit
580 2901 670 2966 lilium
685 2907 715 2962 in
730 2909 829 2962 nostra
845 2919 932 2962 carne
946 2902 983 2962 ad
1000 2902 1147 2966 dexteram
1162 2904 1224 2976 ejus
1238 2903 1386 2964 sedentem

214 3008 315 3066 lesum
329 3005 483 3068 dominum.
502 3057 506 3064 ,
522 3008 606 3070 Hunc
620 3008 769 3070 audemus
784 3023 848 3068 cum
863 3013 947 3085 patre
963 3014 993 3068 ct
1007 3023 1030 3066 a.
1048 3008 1193 3082 spirituin
1211 3009 1387 3084 sempiterna

215 3113 321 3173 secula.
355 3112 437 3174 Grati
452 3115 539 3189 igitur
555 3117 642 3174 simus
658 3114 773 3174 domiuo
788 3113 824 3172 de
839 3113 965 3187 gloriosa
979 3128 1031 3171 sua
1045 3113 1212 3172 ascensione
1227 3118 1256 3172 et
1270 3118 1384 3186 sataga-

214 3233 276 3276 mus
293 3233 357 3276 eum
374 3234 418 3292 eo,
434 3234 490 3292 quo
510 3217 648 3290 ascendit,
670 3222 764 3302 sequi..
799 3218 941 3280 Recitavit
959 3225 989 3278 et
1003 3217 1207 3292 praescriptam
1215 3218 1384 3290 orationem,

215 3339 272 3395 qua
286 3322 447 3394 orabamus,
470 3328 502 3380 ut
517 3321 646 3381 Christus
666 3323 704 3382 ad
726 3323 855 3407 dextram
872 3322 927 3382 Dei
943 3323 1034 3397 patris
1049 3322 1151 3383 sedens
1171 3323 1279 3382 animos
1295 3322 1385 3380 omni·

214 3445 262 3486 unr
277 3432 403 3490 nostrum
421 3443 470 3500 eo,
488 3425 537 3486 ubi
552 3428 613 3501 ipse
629 3435 685 3502 est,
708 3427 833 3502 dirigere
851 3426 1035 3502 dignaretur,
1061 3435 1091 3486 et
1110 3427 1225 3486 interim
1249 3428 1331 3496 uobis
1348 3429 1385 3490 in

214 3537 293 3594 terra
308 3549 360 3592 suo
376 3534 492 3591 numine
507 3533 648 3607 propitius
663 3533 764 3594 adesse
779 3533 856 3592 velit.
999 3599 1000 3602 Ἴ

303 3639 393 3697 Fama
407 3636 500 3696 iertm
516 3631 637 3704 Caesaris
653 3638 843 3714 veredarium,
860 3640 909 3712 qui
924 3640 1000 3700 iuter
1016 3637 1135 3698 Romam
1156 3643 1185 3696 et
1199 3637 1384 3698 Mechliuiam

189 3753 191 3762 ’
208 3745 354 3812 cursitare
370 3743 525 3816 cousuevit,
542 3758 600 3802 uon
616 3744 715 3818 procul
731 3760 750 3803 a·
764 3743 848 3818 spire
863 3744 1044 3818 vangionum
1059 3748 1088 3802 et
1102 3741 1251 3803 literarum
1265 3742 1384 3804 iaseicae

213 3851 247 3908 lis
264 3856 293 3908 et
308 3849 439 3922 nummis,
456 3851 587 3918 nescios
601 3850 713 3924 quibus,
730 3855 846 3911 exutum
861 3865 932 3908 esse.

303 3953 373 4012 dum
399 3953 460 4013 dies
482 3953 553 4016 duos
576 3953 834 4016 intermisissemus'
849 3953 936 4014 hodie
957 3969 1057 4012 rursus
1072 3955 1150 4028 apud
1164 3955 1383 4014 hasbacensem

214 4059 395 4125 sollicitatum
410 4060 529 4118 ibamus.
555 4061 661 4120 Verum
676 4062 700 4120 is
716 4067 783 4120 ante
792 4059 948 4120 adventum
963 4065 1093 4120 nostrum
1108 4059 1147 4119 ad
1161 4065 1274 4135 patrem
1288 4065 1383 4120 trans·

212 4166 296 4225 ierat.
339 4165 442 4238 Itaque
456 4165 486 4223 in
502 4165 611 4226 adibus
626 4167 767 4241 Fuggeri,
794 4167 817 4224 si
833 4163 907 4226 torte
922 4165 1022 4237 exiret,
1040 4165 1286 4238 praestolabamur.
1326 4166 1383 4226 Sed

213 4271 262 4330 ubi
279 4270 427 4330 didicimus
443 4288 507 4330 eum
522 4271 626 4331 ibidem
642 4287 814 4347 pransurum
831 4286 903 4345 esse,
919 4285 951 4328 re
967 4269 1071 4328 iniecta
1083 4269 1235 4343 hospitium
1250 4273 1381 4343 petimus.

213 4377 258 4436 Ne
273 4381 368 4436 tamen
382 4393 466 4436 omne
482 4378 574 4436 oleum
591 4381 620 4433 et
635 4391 753 4450 operam
768 4377 962 4449 perderemus,
987 4374 1142 4434 Wohadus
1159 4391 1222 4454 eum
1238 4377 1380 4436 cubicula·

213 4483 257 4542 ric
273 4483 399 4556 episcopi
414 4484 482 4556 egit,
498 4489 530 4540 ut
545 4480 622 4554 apud
638 4480 789 4554 praesulem
806 4495 888 4538 suum
903 4481 994 4539 nostri
1009 4480 1186 4540 mentionem
1201 4477 1319 4556 iaceret,
1334 4499 1380 4542 ro·
