3054 5110
726 457 766 522 sl

161 640 232 713 gelli
247 645 278 699 et
293 640 365 714 ipsis
378 637 558 708 adhaerentes
574 637 745 711 defendunt,
762 653 826 710 quae
842 655 956 712 semper
970 637 1069 714 fuerit,
1086 645 1130 699 est
1145 647 1175 700 et
1188 638 1340 700 inturasit

157 745 328 818 justissime,
346 749 375 802 et
391 761 453 804 eem
469 761 531 803 esse
542 729 641 818 talem,
659 745 704 801 cui
719 759 801 802 nemo
817 745 953 803 resistere
968 747 1066 818 possit.
1090 745 1151 804 Nec
1167 745 1244 820 quod
1258 747 1339 806 nobis

162 849 280 909 adversi
295 851 443 924 quippiam
457 849 504 907 hio
518 849 665 923 Augusta,
682 850 788 923 inquit,
812 849 929 924 accidit,
950 865 1044 910 cansa
1059 855 1165 910 nostrae
1180 851 1295 910 benitas
1310 853 1340 910 in

161 955 249 1026 culpa
264 959 322 1028 est,
344 971 429 1027 quam
449 954 543 1013 adhuc
561 955 734 1014 sustinemus
752 961 780 1014 et
799 955 1000 1016 sustinebimus
1021 956 1248 1030 inperpetuum.
1286 955 1341 1014 Est

163 1061 242 1118 euim
261 1075 349 1118 causa
368 1077 426 1118 non
446 1061 563 1120 honoris
584 1061 675 1118 nostri
696 1066 726 1119 et
740 1075 860 1134 operum
881 1065 1058 1136 nostrerum,
1083 1061 1136 1120 sed
1154 1063 1218 1135 ipsa
1233 1061 1340 1120 domiui

162 1167 282 1238 veritas,
299 1164 612 1224 doctrina'sinceritatis
627 1171 656 1224 et
664 1171 745 1224 recta
758 1173 1001 1238 sacramentorum
1008 1153 1234 1228 administratio.
1254 1165 1340 1224 Boni·

148 1275 254 1344 ,tatem
269 1287 373 1343 censa,
389 1271 491 1344 inquit,
508 1268 654 1345 habemus,
666 1248 706 1329 ea
721 1286 800 1345 vero,
817 1279 961 1346 quaesunt
975 1278 1082 1348 praeter
1096 1274 1340 1332 veritatemevan·

163 1376 233 1448 gelli
248 1375 337 1434 divini
352 1376 473 1434 nominis
488 1376 626 1434 honorem
642 1382 671 1434 et
685 1393 743 1434 non
758 1355 867 1437 iaciunt
881 1378 919 1437 ad
934 1379 1056 1438 salntem
1071 1383 1208 1438 nostram.
1239 1377 1341 1452 Apage

163 1481 223 1538 sint
239 1486 269 1539 et
283 1481 400 1540 valeant
413 1481 443 1538 in
458 1479 563 1538 malam
578 1495 700 1540 erucem.
730 1465 844 1541 Sibero
859 1484 941 1542 nobis
957 1497 1014 1542 non
1029 1485 1124 1544 omnia
1139 1485 1264 1544 errotis
1279 1499 1339 1542 ces·
1454 1489 1457 1496 ’

163 1591 269 1644 serunt
282 1592 312 1646 et
326 1585 464 1644 nonnulle
478 1585 576 1658 inique
592 1586 721 1660 perpessi
736 1603 846 1660 sumus,
863 1587 893 1646 id
908 1605 968 1648 non
983 1590 1097 1663 optimae
1113 1595 1220 1649 nosue
1235 1601 1338 1661 causa,

163 1689 217 1748 sed
232 1689 310 1763 quod
325 1707 377 1748 nos
392 1693 422 1748 in
437 1691 490 1748 hac
504 1705 537 1748 re
552 1705 610 1748 non
624 1697 657 1750 ut
672 1691 767 1750 decuit
782 1694 954 1776 gesserimus
972 1698 1001 1752 et
1015 1691 1217 1767 ingratitudini
1231 1698 1340 1752 metro

163 1809 200 1852 ae
213 1794 290 1853 male
304 1801 376 1853 acta
390 1781 638 1869 impoenitentique
652 1797 719 1854 ritae
735 1801 842 1854 nostrae
857 1804 1005 1871 acceptum
1020 1796 1153 1857 ieramus.
1191 1797 1281 1870 llam,
1298 1779 1340 1858 in·

164 1899 242 1974 quit,
263 1900 342 1973 apud
361 1877 612 1974 nos‘Augustanos
626 1903 769 1982 nemovrel
784 1901 898 1961 obolum
913 1917 966 1973 pro
982 1900 1228 1962 administratione
1243 1915 1339 1960 sacra·

163 2009 327 2064 mentorum
342 2003 411 2065 dere
427 2021 498 2080 opus
513 1999 623 2079 hebuit,
648 2011 677 2063 et
691 2012 788 2065 minen
802 2006 875 2066 adeo
890 2005 973 2066 nobis
988 2008 1137 2066 conciones
1153 2020 1253 2076 secra,
1274 2005 1341 2078 ipsa

164 2111 251 2168 simul
266 2115 296 2168 et
310 2116 488 2170 sacramente
502 2093 590 2172 taedio
600 2109 726 2184 fuerunt,
743 2116 776 2194 ut
787 2113 946 2172 abominari
961 2127 997 2171 ea
1007 2111 1179 2191 videremur.
1203 2110 1284 2181 llaec,
1298 2111 1341 2168 in-

164 2231 263 2288 quam,
274 2220 304 2274 et
313 2217 417 2274 similia
426 2216 656 2275 nobismalerum
665 2213 884 2290 cassescerent,
893 2205 952 2278 non
962 2231 1048 2290 quam
1057 2205 1181 2290 gerimus
1191 2219 1339 2274 cunsaetc.

163 2320 295 2393 Repetiit
309 2319 338 2394 et
349 2321 423 2380 hoc.¹
440 2319 622 2380 Christc‘ncn
635 2323 705 2379 satis
715 2319 812 2395 luisse,
829 2322 907 2394 quod
918 2319 1034 2396 diceret,
1054 2321 1140 2381 »Non
1150 2320 1282 2380 turbetur
1290 2335 1341 2378 cor

163 2429 326 2498 vestram«,
345 2427 426 2500 quin,
446 2426 566 2499 »Neque
581 2425 746 2508 formidet«,
763 2427 909 2499 adjiceret.
933 2425 1025 2485 lussit
1039 2427 1127 2498 igitur
1141 2431 1175 2486 ut
1189 2425 1342 2499 inoptima

165 2528 255 2588 causa
269 2531 379 2607 animos
394 2535 508 2589 nostros
520 2547 577 2589 non
588 2531 829 2606 desponderemus
844 2547 879 2589 ac
888 2547 1000 2606 semper
1013 2547 1065 2590 nos
1079 2546 1116 2589 ex
1129 2530 1227 2590 verbis
1236 2529 1343 2588 Christi

164 2629 382 2694 consolaremur
398 2642 427 2694 et
441 2637 630 2710 erigeremus,
653 2637 764 2695 etiamsi
774 2631 992 2710 potentissimos
1008 2637 1085 2696 orbis
1101 2651 1193 2694 causae
1207 2617 1342 2694 resistere

165 2757 326 2800 cernamus.
363 2722 502 2815 Fuerunt,
519 2743 619 2814 inquit,
640 2743 762 2828 apostoli
777 2743 944 2816 piscatores,
961 2741 1071 2815 idota,
1083 2741 1213 2800 homines
1227 2739 1342 2814 abjecti,

165 2843 269 2905 verum
281 2851 341 2904 tem
354 2861 458 2920 magna
474 2847 601 2920 aggressi
616 2852 682 2904 snut
697 2844 872 2906 confidentes
888 2851 917 2905 et
933 2849 1076 2921 erigentes
1092 2863 1123 2904 se
1134 2845 1241 2921 ,spiritu
1257 2861 1276 2902 a
1293 2844 1343 2904 do·

165 2953 245 3011 mino
259 2951 318 3009 illis
332 2952 363 3008 in
377 2951 430 3008 hoc
446 2950 519 3009 dato'
529 2955 558 3010 et
572 2951 771 3032 recordatione
789 2952 939 3011 verborum
956 2931 1071 3010 Christi.
1094 2951 1174 3010 Nihil
1188 2951 1276 3023 igitur
1291 2965 1342 3009 vos

165 3054 358 3128 offendimini,
378 3057 403 3113 si
417 3071 468 3114 uos
484 3055 559 3114 forte
576 3057 799 3124 succumbamus
837 3056 934 3114 Macte
948 3057 1055 3116 virtute
1070 3060 1099 3113 et
1113 3055 1202 3113 animi
1216 3055 1271 3111 viri
1285 3051 1343 3112 ior·

165 3167 211 3220 tes
223 3147 338 3232 estote,
363 3177 416 3219 nec
434 3162 558 3219 animum
578 3162 726 3234 abjiciatis.
767 3161 867 3220 Nostis
887 3161 961 3220 enim
983 3159 1119 3234 quidnam
1141 3165 1171 3218 et
1185 3158 1291 3216 ethnici
1307 3158 1342 3217 de

167 3265 244 3324 bono
260 3255 444 3325 viro‘dicant.
469 3267 551 3339 Quod
562 3284 579 3325 a
589 3271 669 3324 recto
685 3265 831 3326 discedere
843 3285 901 3326 non
917 3267 1029 3340 debeat,
1045 3265 1152 3339 dixere,
1168 3263 1267 3322 mundi
1282 3279 1343 3322 cre·

167 3376 239 3445 pent
253 3371 322 3430 licet
336 3372 427 3429 ruinae
443 3377 472 3430 et
485 3371 593 3430 fractus
608 3371 743 3431 illabatur
762 3374 840 3434 orbis
855 3379 909 3432 etc.
947 3348 1179 3445 Item‘coarguit,
1201 3369 1278 3443 quod
1291 3364 1342 3426 i'm·

167 3477 377 3536 misericordes·
390 3479 495 3552 passim
516 3493 586 3552 erge
608 3461 793 3551 perturbatos
813 3463 843 3537 et
857 3476 978 3537 afflictos
1001 3479 1088 3538 simus
1108 3477 1150 3534 ita
1167 3481 1201 3534 ut
1220 3472 1342 3533 afflictos

167 3583 373 3654 praetereamus
387 3579 446 3640 ndu
460 3583 549 3640 solum
567 3599 624 3641 non
640 3584 830 3656 consolantes,
847 3583 899 3642 sed
908 3585 1025 3657 insuper
1038 3597 1086 3641 eos
1097 3585 1147 3639 aut
1162 3578 1342 3638 derideamus

168 3691 221 3744 aut
235 3701 296 3759 prae
311 3669 447 3758 superbie
458 3691 680 3746 contemnamus
704 3689 787 3760 Quod
801 3693 830 3746 et
837 3687 934 3747 David
943 3689 975 3746 in
987 3702 1111 3760 persone
1121 3683 1227 3742 Christi
1240 3683 1341 3756 psalm.

171 3793 213 3849 22
229 3787 413 3863 conqueritm·
428 3789 504 3868 (iege
518 3796 610 3850 totum
625 3790 787 3868 psalmam).
811 3794 903 3852 iussit
920 3795 1008 3864 igitur
1022 3791 1198 3862 archetypon
1213 3794 1343 3848 nostrum

171 3892 316 3954 Christum
330 3896 451 3971 imitari,
474 3899 593 3956 miseros
615 3897 704 3955 uerbo
719 3897 826 3956 domini
846 3897 1014 3970 sustentari,
1037 3895 1085 3953 hic
1099 3897 1175 3954 euim
1190 3893 1344 3967 discipulos

169 4017 311 4074 nusquam
330 4002 522 4061 inconsoletos
537 4002 661 4088 reliquit.
699 4001 765 4061 Duo
784 4004 880 4074 itaque
902 4001 964 4060 haec
979 4017 1032 4060 nos
1046 4001 1180 4084 amplecti
1198 3998 1345 4072 praecipie-

169 4102 235 4178 bat,
259 4109 292 4162 ut
310 4098 418 4164 scilicet
437 4093 525 4166 verbo
549 4105 656 4165 domini
677 4107 833 4166 innitamur
852 4123 886 4164 ac
906 4123 958 4166 nos
979 4109 1057 4181 ipsos
1072 4123 1130 4165 una
1145 4121 1180 4164 ac
1193 4103 1298 4164 iratres
1313 4105 1344 4162 in

170 4207 373 4269 afflictionibus
393 4212 513 4268 invicem
531 4212 634 4296 verbis
650 4211 756 4271 domini
776 4216 805 4270 et
824 4211 1023 4272 recordatione
1042 4210 1262 4288 promissionum
1282 4209 1344 4282 ejus

171 4314 305 4388 solemur,
322 4329 356 4375 ec
370 4315 464 4374 Deum
487 4333 613 4390 oremus,
625 4293 668 4385 ‘ut
683 4317 814 4390 spiritum
828 4333 909 4376 suum
924 4318 1029 4378 bonum
1043 4320 1147 4392 mittat,
1171 4317 1221 4390 qui
1240 4329 1293 4374 nos
1314 4315 1344 4372 in

171 4419 260 4479 verbo
280 4421 448 4481 corroboret
468 4426 497 4480 et
520 4418 627 4480 domini
647 4421 787 4480 voluntati
807 4423 1005 4496 obtemperare
1029 4424 1139 4483 doceat.
1178 4419 1246 4479 Fiat
1259 4419 1301 4478 ita
1314 4423 1345 4478 et

171 4523 274 4586 Amen.
323 4581 326 4586 ,
657 4541 659 4545 ’
737 4525 741 4544 ³
1033 4545 1034 4548 ¹

1034 4576 1130 4689 ,μ
