3020 5112
745 392 808 458 190

190 576 259 640 stati
271 583 374 640 vestre
389 571 599 636 inobedientem
613 575 775 650 presunt,
799 574 851 636 sed
866 574 962 634 omnia
977 571 1092 632 Obristo
1113 574 1230 648 auspice
1252 590 1283 636 se
1304 573 1364 650 soeg

190 690 287 746 turum
306 682 460 757 promittit,
484 697 548 754 quaa
569 680 690 755 probum
710 686 740 768 et
759 678 874 738 fidelem
894 678 1025 738 comitem
1048 679 1161 753 imperii
1177 680 1289 738 decent.
1321 681 1367 738 Ac

191 791 234 853 sic
246 788 381 848 Liberius
396 786 484 846 siluit.
514 786 777 859 Imperatorigitur
792 784 958 856 episcopum
971 781 1192 842 Atrebateusem
1206 790 1237 844 et
1252 785 1280 844 d.
1294 784 1365 842 Phi-

191 893 301 968 lippum
321 891 436 950 Seldum
458 891 496 950 ad
518 905 675 950 sereonas
697 888 821 961 paucula
843 903 906 946 oum
928 887 973 946 bis
992 888 1151 946 collocutus
1172 893 1230 961 est,
1254 889 1367 946 scilicet

191 998 293 1073 gallice
307 997 371 1056 Pau
386 992 516 1054 aestiuis
531 994 578 1067 yci
592 998 648 1053 eto.
678 992 791 1052 Deinde
806 1008 859 1066 per
880 992 1026 1052 doctorem
1051 991 1168 1052 Seldum
1187 991 1366 1050 dcacaucel·

191 1085 295 1165 ludum
309 1099 466 1174 respondit,
483 1115 555 1172 pena
570 1099 673 1171 omnia,
690 1113 754 1169 quae
769 1096 904 1156 Liberius
920 1097 1045 1170 dixerat,
1062 1097 1204 1156 verbatim
1218 1103 1364 1170 repetens,

191 1220 291 1268 uorum
302 1205 426 1266 addidit:
442 1204 646 1264 Inviotissimus
656 1208 686 1262 et
694 1201 900 1260 illustrissimus
910 1205 1009 1260 noster
1017 1217 1108 1260 oaesar
1117 1201 1154 1261 ob
1166 1202 1306 1260 bonorem
1316 1199 1365 1258 dei

193 1316 223 1370 et
234 1327 294 1372 suae
309 1326 398 1370 saerae
414 1324 547 1368 caesareae
562 1323 687 1368 romanae
696 1306 855 1378 rosiestetis
865 1307 992 1365 innatam
1005 1306 1183 1366 elementiam
1192 1305 1365 1364 Wolradum

192 1417 325 1476 comitem
346 1432 365 1474 a
386 1412 526 1484 Weidecb
549 1413 694 1472 dominum
714 1425 808 1470 meum
832 1411 989 1482 gratiosum
1013 1427 1071 1470 una
1097 1425 1161 1468 eum
1186 1409 1310 1468 subditis
1334 1411 1366 1476 in

193 1521 317 1594 matiam
329 1519 431 1592 recipit
446 1524 474 1578 et
489 1533 593 1576 noxam
606 1517 649 1574 iili
662 1532 716 1590 pro
735 1516 789 1572 bae
810 1515 870 1592 vice
892 1516 1026 1588 remittit,
1053 1530 1088 1573 ea
1107 1519 1204 1573 tamen
1227 1515 1305 1587 loge,
1331 1520 1367 1572 ut

193 1625 299 1697 omnia,
315 1623 424 1695 quaein
440 1618 642 1695 capitulatione
657 1619 863 1693 comprehensa
878 1625 954 1693 suot,
971 1619 1007 1678 ab
1023 1619 1099 1678 dioto
1113 1597 1364 1694 eomitoimplean-

194 1733 242 1788 tur
257 1732 287 1786 et
300 1731 459 1786 serventur.
489 1725 529 1784 Et
542 1723 567 1782 si
582 1724 701 1798 postbec
715 1725 846 1782 comitem
861 1721 975 1782 fidelem
990 1730 1018 1782 et
1033 1724 1158 1797 probum
1178 1739 1209 1781 se
1230 1724 1364 1798 gesserit,

194 1830 249 1892 sibi
271 1831 518 1890 dementissimum
538 1844 674 1890 cesarem
692 1844 746 1887 nec
765 1843 822 1886 oon
834 1832 875 1885 et
893 1827 952 1889 suis
972 1828 1093 1888 subditis
1116 1833 1288 1902 experturus
1308 1834 1364 1888 est.

193 1937 247 1997 His
261 1936 343 1996 dietis
357 1935 514 2010 imperator
529 1950 615 1992 manu
629 1937 707 2004 moto
721 1948 766 1992 me
781 1931 819 2011 ad
834 1949 866 1990 se
877 1933 1010 1992 -vocabat
1053 1933 1128 2004 Quia
1143 1948 1211 1991 vero
1231 1932 1302 1990 mibi
1322 1933 1366 1990 in·

191 2043 323 2115 judeum
336 2045 413 2114 erat,
436 2056 473 2098 ue
487 2040 518 2098 in
532 2035 633 2098 faciem
652 2038 834 2111 imperatoris
851 2037 1042 2110 inspicerem,
1066 2042 1221 2110 antequam
1241 2038 1279 2096 ab
1300 2039 1366 2111 ipso

195 2161 329 2219 vocarer,
350 2144 484 2224 Liberius
505 2159 550 2202 me
572 2143 675 2216 tetigit.
707 2142 773 2201 Oois
791 2119 1169 2216 igitur-deosculatamanu
1183 2159 1248 2204 mea
1263 2143 1365 2204 dexte·

194 2265 257 2332 ram
273 2246 395 2308 Caesaris
410 2245 519 2307 dextra
530 2246 626 2320 ioum,
650 2247 700 2325 qui
714 2245 864 2306 confestim
879 2233 1021 2320 exurgens
1036 2247 1075 2306 ad
1089 2246 1251 2316 cubiculum
1265 2226 1366 2321 regi-e·

195 2352 283 2427 ditur,
298 2367 420 2424 aeaego
436 2351 537 2408 cocleae
551 2365 658 2422 gressu
669 2350 774 2410 ostium
789 2351 910 2410 alteram
924 2336 1011 2424 peto.¹
1032 2350 1089 2410 Ubi
1103 2367 1171 2410 vero
1187 2326 1365 2410 adulterius

194 2454 419 2530 hybernaoelum
433 2453 512 2527 reni,
535 2454 653 2512 ostiario
668 2453 833 2526 Esebopoth
854 2455 926 2514 dixi:
951 2455 1095 2526 Quantum
1117 2454 1220 2513 tibi'et
1239 2457 1296 2514 tuis
1317 2471 1365 2514 so·

196 2561 308 2622 delibus
323 2557 435 2620 debeo?
459 2559 604 2630 Quantum
618 2558 722 2630 placet,
737 2558 839 2630 inquit.
865 2559 969 2618 Sumus
982 2576 1052 2620 vero
1069 2575 1188 2620 numero
1204 2575 1264 2618 sex.
1288 2559 1379 2632 Quid.

196 2667 252 2748 ais,
276 2665 468 2736 siuuieuiquo
482 2667 609 2722 vesmum
627 2677 732 2720 aureus
747 2661 852 2744 detexi
883 2663 1028 2738 Summas,
1051 2665 1159 2738 inquit,
1182 2665 1235 2723 tibi
1253 2666 1366 2737 agimus

195 2769 314 2844 gratias,
344 2768 401 2828 Sex
415 2768 503 2842 igitur
517 2782 621 2834 aureos
636 2781 767 2825 nummos
782 2767 838 2824 illis
854 2767 929 2828 dono
944 2769 1025 2843 dedi,
1048 2785 1155 2843 rogans
1170 2743 1308 2842 eundem,
1333 2776 1367 2830 ut

196 2875 301 2946 siquis
317 2889 353 2932 ex
367 2873 473 2932 nostris
487 2887 541 2944 pro
556 2871 764 2944 subscriptione
779 2872 941 2932 litterarum
955 2873 1141 2932 absolutionis
1156 2889 1221 2932 eum
1235 2873 1364 2958 alloque-

196 2983 292 3052 retur,
316 2984 349 3038 ut
362 2975 576 3060 hunojuvaret,
593 2977 617 3034 si
632 2993 689 3048 qua
703 2989 834 3034 accessus
848 2979 963 3050 pateret
977 2982 1031 3038 ate.
1063 2977 1199 3036 Promisit
1220 2983 1364 3050 prompte.

196 3083 293 3155 Atque
311 3083 358 3142 hio
379 3081 434 3140 tuit
452 3080 538 3152 lruJus
558 3081 709 3154 tragoedire
729 3081 831 3140 exitus.
862 3081 986 3153 Reliqua
1004 3085 1072 3139 sunt
1091 3085 1157 3140 octo
1175 3081 1266 3140 millia
1284 3097 1366 3140 num-

196 3187 274 3246 mum
295 3185 490 3260 expendenda.
531 3183 587 3255 Qui
607 3183 687 3250 dedit
710 3184 813 3258 vitam,
839 3185 919 3244 dabit
942 3190 972 3244 et
993 3186 1151 3258 pecuniam.
1192 3184 1366 3246 Benedictus

197 3292 282 3363 deus,
304 3295 387 3364 pater
406 3289 514 3349 domini
530 3293 559 3346 et
573 3271 736 3372 liberatoris
750 3290 842 3354 nostri
856 3289 875 3348 J
877 3305 928 3348 esu
943 3277 1049 3372 Christi
1063 3305 1127 3350 oum
1142 3305 1165 3366 s.
1182 3271 1238 3346 suo¹
1249 3289 1365 3362 spiritu,

198 3398 247 3469 qui
260 3410 306 3452 me
319 3394 488 3467 participem
502 3393 696 3452 calamitatum
710 3393 863 3468 multorum
878 3395 991 3467 piorum
1005 3391 1083 3466 feeit,
1098 3393 1123 3452 is
1138 3408 1183 3452 me
1192 3393 1301 3466 spiritu
1312 3407 1366 3452 suo

197 3499 274 3570 boue
283 3513 346 3558 oum
360 3497 506 3571 uxorcula,
521 3495 611 3556 filiola
625 3501 655 3555 et
669 3496 789 3564 subditis
803 3497 928 3572 dirigere
944 3497 1086 3572 dignetur,
1102 3501 1136 3555 ut
1149 3489 1293 3556 constanti
1307 3493 1367 3556 fide

197 3622 262 3680 quae
276 3605 393 3664 casamo
408 3585 508 3662 caesari
524 3608 554 3662 et
574 3617 638 3680 quae
659 3601 705 3660 dei
727 3601 781 3684 deo
802 3601 925 3662 reddere
944 3617 1062 3675 queam,
1086 3602 1140 3674 qui·
1155 3617 1201 3658 me
1221 3599 1308 3660 bodie
1329 3599 1366 3659 de

197 3727 249 3770 ore
262 3709 353 3775 leonis
369 3687 483 3782 eripuit.
506 3707 640 3781 Benedio,
656 3707 779 3780 Eubule,
795 3707 920 3779 domino,
934 3710 963 3765 et
977 3705 1077 3766 laudet
1090 3710 1119 3764 te
1134 3704 1247 3764 domine
1262 3706 1364 3778 omnis,

197 3815 244 3874 cui
258 3815 325 3872 vitre
340 3813 515 3887 spiraculum
531 3811 644 3872 dedisti.
684 3811 739 3884 Qui
752 3801 824 3870 rivis
838 3817 868 3870 et
881 3824 987 3884 regnas
1001 3827 1085 3876 uerus
1101 3827 1136 3869 ac
1149 3827 1223 3870 unus
1237 3810 1268 3868 in
1281 3809 1365 3868 eini-

196 3923 257 3979 tute
271 3917 350 3991 deus,
367 3918 412 3976 cui
427 3919 561 3991 perennis
576 3919 713 3990 potestas,
729 3917 792 3974 laus
807 3923 837 3976 et
851 3913 994 3989 perpetim
1005 3916 1044 3974 sit
1058 3915 1159 3989 gloria.
1183 3913 1285 3980 Amen.

127 4009 131 4020 '
224 4071 231 4080 ,
286 4025 387 4082 vestes
401 4037 473 4080 mee
488 4027 571 4081 eram
584 4023 695 4104 eoram
710 4027 740 4080 et
754 4021 859 4096 diplois
880 4033 914 4080 aa
933 4020 1022 4079 cuce
1042 4020 1116 4079 eene
1127 4018 1252 4093 ,eume
1272 4023 1302 4076 a
1321 4022 1367 4076 oo·

198 4128 264 4188 nica
278 4143 314 4186 ex
328 4127 413 4199 nigro
429 4125 529 4200 serico,
545 4141 598 4184 neo
613 4127 763 4200 quisquam
778 4141 814 4184 ox
828 4113 935 4184 nostris
949 4123 1251 4200 proeterLiborium-in
1260 4121 1366 4182 atriolo

197 4231 344 4290 nobiscum
359 4235 431 4288 erat.
447 4229 604 4290 ¹ristiterat
618 4236 647 4290 et
660 4221 789 4292 Lazarus
804 4247 822 4292 a
838 4227 995 4290 Sobueudi.
1026 4217 1073 4286 le
1088 4227 1244 4301 hospitium
1264 4223 1363 4284 rever·

197 4351 246 4394 sus
260 4351 325 4396 oum
338 4335 452 4396 Joanne
468 4333 572 4396 Goselo
588 4336 647 4408 egi,
670 4334 786 4394 etmihi
800 4338 945 4394 trecentos
965 4329 1090 4408 florenos
1111 4331 1158 4392 rel
1179 4327 1217 4390 ab
1236 4330 1295 4402 olio
1316 4346 1365 4410 su·

198 4444 298 4512 rueret,
314 4440 359 4500 uel
374 4441 436 4514 ipso
450 4425 548 4524 mutuo
566 4439 661 4511 daret,
679 4455 713 4498 ae
728 4439 796 4498 dedi
810 4438 853 4496 illi
867 4439 897 4496 iu
911 4437 1014 4510 pignus
1029 4442 1146 4518 cateum
1162 4451 1265 4502 aeneas
1281 4434 1365 4508 duos,
