3020 5112
684 403 759 470 258·

109 583 321 662 derowegenn
350 583 578 671 insohreibenn,
615 585 680 646 Vnd
714 586 753 646 ist
782 601 868 648 anser
901 583 1072 646 irenndtlioh
1100 587 1169 662 bitt,
1196 587 1238 648 E.
1265 587 1300 648 L.

109 691 213 751 wolle
235 691 329 752 dieses
354 707 392 752 an
420 689 637 768 ehegenantepn
662 688 802 752 Graiienn
819 706 895 754 vorm
914 691 1055 754 Waldeok
1077 689 1231 752 iorderlioh
1251 707 1300 766 go·

108 795 254 871 langona
270 797 401 870 lassenn,
421 794 500 865 rnnd
514 792 591 872 fleiss
605 795 735 869 habenn,
758 796 850 856 Inenn
873 795 974 856 darmn
989 796 1168 871 znbewegen,
1192 797 1302 856 wiesie

109 900 183 962 dan
190 913 303 962 *ansere
318 902 475 962 versehens
491 898 556 960 noll
570 901 706 962 werdenn
720 902 829 962 zuthnn
843 903 977 976 wissenn,
998 901 1077 964 vnnd
1091 900 1158 962 affin
1171 899 1232 975 sall,
1249 901 1301 962 das

111 1022 152 1066 er
171 1006 238 1066 sich
255 1007 358 1068 dartzn
367 1006 434 1078 noli
449 1005 632 1079 gebraneben
641 1008 768 1082 lassenn,
783 1023 816 1068 so
831 1011 907 1068 must
921 1023 953 1068 er
968 1007 1029 1068 sich
1042 1005 1156 1066 nebenn
1170 1005 1301 1067 andermr

112 1110 205 1172 deun
229 1127 356 1172 rnsernn
377 1111 535 1172 furderlioh
556 1110 598 1172 vii
614 1112 661 1172 dio
680 1113 768 1172 Reise
787 1111 939 1187 maohenn,
960 1113 1013 1174 wie
1036 1111 1116 1172 Ihme
1131 1111 1210 1172 donn
1224 1129 1301 1172 voum

113 1232 203 1278 vnns
218 1215 268 1278 nit
276 1217 365 1278 Ewer
384 1217 641 1280 widersohreibenn
662 1218 828 1278 reim-mni
850 1215 985 1278 maistadt
1007 1217 1063 1278 solt
1083 1217 1218 1291 bestimpt
1230 1233 1301 1276 wer·

114 1321 215 1398 deun,
231 1323 316 1383 Ewer
331 1323 404 1384 Lieb
418 1323 540 1382 wollenn
561 1323 622 1385 siah
640 1323 791 1384 hierinnen
811 1322 985 1391 irenndtlioh
996 1320 1084 1382 anni
1103 1323 1304 1384 vnbesobwert.

116 1429 311 1502 ertzeigenn,
331 1429 385 1486 wie
400 1427 452 1486 wir
472 1443 524 1500 ans
548 1426 721 1488 freandtiioh
736 1446 772 1489 zu
786 1429 961 1490 denselbenn
974 1428 1143 1502 versehenn,
1158 1427 1210 1488 das
1225 1421 1300 1488 seint

115 1535 180 1594 wir
207 1532 274 1594 vmb
300 1533 336 1592 li.
364 1531 399 1592 L.
425 1528 600 1594 irenndtlioh
624 1533 835 1596 maerdionenn
858 1535 983 1610 geneigt.
1021 1532 1129 1594 Datnm
1153 1532 1300 1607 Weynnr,

117 1638 257 1712 ‹iimtags
273 1637 347 1696 nach
363 1637 427 1696 dem
442 1637 586 1716 bailigenn
601 1655 701 1698 newen
715 1641 850 1715 Jarsage
865 1657 942 1700 anno
955 1627 1064 1699 'domini
1079 1637 1210 1712 xvsniij.

239 1744 324 1804 Vonn
345 1741 428 1803 Gotts
449 1743 584 1817 gradenn
603 1741 715 1804 Johans
735 1745 908 1806 Friederioh
939 1743 991 1804 der
1015 1745 1097 1817 Elter
1116 1743 1244 1816 Hermog
1263 1759 1299 1802 nn

119 1847 245 1908 Saxenn
266 1848 346 1908 vnnd
365 1847 524 1923 geborener
546 1848 698 1910 Ohnriurst
717 1847 890 1924 Landtgraff
907 1851 937 1908 in
952 1849 1104 1924 Duringen
1123 1847 1202 1908 rnnd
1220 1847 1299 1908 Mar·

119 1952 205 2046 graii
216 1971 252 2014 nn
266 1954 414 2014 Meissenn
430 1960 483 2016 eto.
514 1980 518 1992 ,

614 2076 617 2088 ⁴
659 2085 663 2090 ·
726 2095 733 2106 =
754 2060 869 2124 Johann
885 2058 1031 2120 friderich.
1048 2057 1082 2118 G.
1100 2057 1261 2140 Ohnrimst
1313 2079 1317 2085 ’

917 2181 1004 2226 mann
1019 2167 1137 2240 propria
1160 2205 1161 2210 κ

754 2317 759 2322 .
942 2315 945 2320 -
980 2269 1162 2346 ,Minokwitz
1176 2269 1214 2330 D.

170 2373 245 2434 Dem
266 2373 497 2448 hoohgebomem
520 2392 656 2457 rnnserm
679 2376 795 2436 liebenn
822 2373 979 2444 Oheimenn
1002 2376 1104 2438 Henm
1125 2375 1298 2436 Wilhelmen

211 2480 217 2488 '
261 2479 396 2540 Gravenn
410 2480 490 2542 innd
504 2464 598 2542 heron
612 2499 648 2540 zu
662 2468 864 2556 Hennebergk.
981 2523 985 2532 -
1258 2533 1277 2546 .-

216 2587 356 2646 Perleotis
376 2587 474 2662 itaque
495 2587 628 2653 electoris
647 2587 751 2648 litteris
773 2587 819 2648 die
841 2587 863 2661 ij
882 2587 1016 2648 Januarii
1037 2587 1223 2662 Vitaenhagio
1238 2585 1300 2648 iere

124 2695 182 2754 hoo
197 2693 330 2767 responsi
344 2695 375 2752 in
390 2694 546 2767 praesentia
559 2692 680 2761 illustris
700 2691 822 2752 domine
837 2689 1000 2752 cemamnae
1015 2707 1035 2750 a
1048 2691 1234 2768 Henneberg,
1249 2709 1297 2754 oo·

124 2787 245 2858 mitisste
266 2799 297 2856 in
318 2799 536 2872 Schwartzburg
555 2797 648 2857 ridnae
664 2779 845 2862 ¹amarissimae
860 2801 967 2856 nostrae
982 2813 1094 2872 morus,
1111 2815 1176 2872 qnae
1191 2803 1222 2858 et
1234 2797 1298 2873 ipsa

97 2912 100 2916 ’
125 2903 241 2978 seriptis
260 2920 278 2963 a
294 2908 383 2978 patre
399 2909 431 2963 et
442 2919 578 2977 germano
593 2903 668 2978 suis,
689 2908 723 2962 nt
736 2901 831 2961 oaloar
846 2903 928 2962 nobis
947 2902 1083 2977 adderet,
1113 2921 1170 2978 quo
1184 2901 1296 2964 facilins

124 3009 194 3070 huie
217 3006 389 3084 profectioni
409 3011 629 3082 assentiremus,
657 3007 876 3082 sollicitaverat,
900 3007 1073 3082 datumest,
1090 3012 1120 3068 et
1134 3007 1297 3068 eademdie

125 3113 332 3188 Vitrenhagins
354 3111 393 3172 ad
407 3129 473 3173 suos
487 3115 631 3189 principes
646 3116 702 3174 iter
716 3115 863 3188 ingressus
877 3119 930 3172 est.
967 3113 1063 3174 Piimo
1078 3113 1164 3186 quod,
1181 3128 1246 3186 qnae
1261 3111 1298 3172 de

125 3220 319 3294 benignitate,
343 3220 439 3280 amico*
455 3217 559 3278 affeetu
578 3225 608 3279 et
621 3219 727 3300 oblatis
742 3219 886 3292 obsequiis
902 3219 988 3294 dixit,
1011 3217 1147 3280 insinset
1160 3233 1218 3292 qua
1233 3215 1298 3278 fieri

125 3329 224 3400 potest
238 3325 447 3400 benevolentia,
463 3319 493 3390 in
505 3313 601 3384 'sinum
616 3326 658 3386 illi
672 3323 870 3386 refundamus,
904 3325 1053 3386 Praeterea
1074 3325 1151 3400 qnod
1165 3323 1206 3386 ad¹
1217 3323 1295 3400 litte

126 3447 176 3490 ras
196 3429 380 3490 illustrissimi
406 3429 494 3490 dnois·
507 3429 639 3490 Saxoniae
664 3429 878 3492 nati'eleotoris
891 3435 952 3495 eto.
982 3429 1180 3508 benignissimi
1205 3426 1297 3492 nostri

109 3577 111 3582 .
126 3536 263 3610 principis
278 3535 390 3610 attinet,
407 3551 460 3594 nos
474 3551 510 3594 ex
524 3535 569 3593 his
584 3536 684 3610 optimi
698 3536 835 3612 principis
859 3539 997 3612 optimum
1010 3540 1173 3598 institutum
1187 3551 1297 3596 summa

128 3656 192 3700 oum
206 3641 308 3700 latitia
322 3639 437 3714 legisse,
461 3655 586 3702 moerore
600 3623 669 3702 nero
689 3656 752 3718 non,
762 3655 851 3714 parvo
867 3643 929 3716 ejns
943 3643 998 3702 viri
1011 3643 1132 3716 lapsum,
1149 3641 1230 3714 enjus
1245 3655 1297 3699 no·

127 3762 193 3808 men
207 3738 300 3828 literae
314 3745 403 3820 ipsius
418 3743 497 3804 dnois
512 3746 686 3820 exprimunt,
702 3761 755 3805 neo
769 3746 877 3820 absque
897 3747 997 3805 intimo
1012 3735 1214 3806 animi'riolore
1228 3759 1295 3820 per·

127 3852 247 3926 cepisse.
286 3851 405 3928 Nosque
425 3850 534 3924 gratias
553 3851 728 3910 immortales
743 3867 807 3936 onm
823 3850 919 3922 debita
934 3850 1121 3912 submissione
1136 3851 1224 3911 animi
1238 3863 1297 3908 non

127 3957 219 4016 solum
234 3955 301 4016 dnoi
314 3955 445 4030 electori,
461 3945 524 4037 sed
539 3954 660 4014 dominis
675 3955 734 4014 suis
748 3955 825 4028 patri
838 3954 972 4014 nimirum
986 3961 1017 4016 et
1030 3953 1110 4016 affini
1123 3956 1230 4031 nostris
1244 3953 1296 4014 ob·

127 4061 277 4122 servandis
292 4067 321 4120 et
341 4059 514 4120 charissimis
534 4075 636 4135 agere,
653 4059 731 4134 qnod
754 4061 871 4136 dignum
890 4077 936 4122 me
951 4061 1100 4142 duserim,
1122 4062 1224 4136 quoin
1237 4064 1297 4120 tam

127 4167 177 4244 pia
190 4165 336 4227 functione
347 4143 507 4242 uterentur,
518 4171 548 4225 et
559 4166 716 4226 certissime
730 4167 809 4242 ipsis,
821 4165 898 4240 quod
912 4183 966 4242 pro
981 4163 1039 4226 fide
1054 4170 1084 4226 et
1097 4168 1219 4228 veritate
1233 4181 1298 4227 mea

127 4271 257 4347 aifinno,
281 4287 451 4359 persuasum
465 4270 606 4344 habeant,
627 4271 652 4330 si
665 4287 725 4331 non
739 4288 803 4333 meo
817 4287 863 4331 me
883 4271 999 4333 modulo
1014 4274 1134 4334 metiens
1147 4273 1201 4332 tali
1215 4270 1297 4332 oneri
1343 4311 1346 4314 ,

127 4377 266 4454 imparem
277 4353 459 4452 oompeiiam,
468 4376 690 4448 nullnmintotn
699 4375 853 4453 Germania
867 4393 930 4452 esse
944 4379 1110 4455 prinoipem,
1127 4377 1173 4439 oni
1186 4357 1297 4450 maiore

128 4483 217 4546 animi
231 4481 381 4546 maritate
395 4497 504 4544 morem
518 4497 620 4560 gerere
634 4497 782 4560 euperem,
798 4483 878 4558 enjm
892 4483 923 4545 in
936 4500 983 4546 me
995 4499 1132 4560 meosque
1146 4479 1296 4560 beneficia,
