3054 5110
694 412 748 478 2⁹·

118 598 197 657 uisse
215 595 300 657 dixit.
326 591 523 656 temtabatur
538 599 569 654 et
584 590 661 656 huuc
674 591 811 654 Nicolaus
823 591 1164 658 Galluslllouastcriensi
1182 597 1299 673 presuli

118 719 137 761 a
150 700 294 776 pedibus,
316 699 477 760 Herbertus
493 715 511 760 a
525 698 662 774 Laudem,
682 699 731 773 qui
746 703 775 758 et
789 716 852 762 una
867 700 978 762 duobus
996 701 1041 762 lrls
1060 702 1205 776 praedictis
1224 702 1299 764 bial-

118 815 181 867 tam
198 808 337 882 petierat,
354 803 459 864 ibidem
474 805 534 865 rita
549 804 679 865 excessit.

212 910 326 972 Eadem
341 911 434 972 nostri
450 909 596 970 doctorem
610 907 711 970 Hassn
726 909 893 985 consulunt,
914 911 938 970 is
951 910 1034 984 iubet
1048 913 1172 987 priorem
1189 915 1296 990 suppli·

119 1017 267 1080 cationem
281 1018 399 1078 iterare.

211 1120 285 1182 cum
299 1126 412 1195 tempus
426 1121 540 1196 prandii
554 1121 676 1180 instaret
691 1120 775 1180 nobis
789 1120 1071 1193 insciiswilhelmus
1086 1137 1209 1184 comesa
1222 1123 1296 1184 wit-

117 1226 269 1301 geustein,
290 1225 441 1303 Philippus
461 1243 480 1286 a
498 1225 658 1300 Homberg,
680 1225 807 1289 Joaunes
828 1243 922 1288 comes
942 1246 960 1290 a
979 1230 1140 1306 Rethberg,
1164 1229 1241 1290 Dido
1262 1229 1298 1292 de

117 1331 331 1406 liniepbauseu
352 1337 382 1391 et
403 1329 530 1392 loannes
551 1331 638 1406 Hegk
661 1332 832 1392 secretarius
857 1335 991 1395 comitum
1013 1351 1031 1396 a
1051 1334 1129 1396 Hoia
1149 1334 1296 1396 nobiscum

118 1437 259 1510 pransuri
274 1437 401 1496 ueniunt.
425 1437 475 1496 Fit
488 1438 598 1512 potatio
613 1435 772 1497 liberalior.

209 1541 348 1602 induciae
364 1542 590 1618 quinquennales
604 1542 681 1604 iuter
694 1541 910 1618 imperatorem,
932 1541 1128 1606 Romanorum
1143 1559 1242 1620 regem
1262 1549 1292 1605 et

119 1647 278 1708 Turcicum
294 1662 430 1708 cesarem
445 1653 601 1708 renovatae
617 1647 760 1707 dicuntur.

210 1752 324 1812 Eadem
338 1757 407 1812 aute
421 1768 515 1812 msam
530 1751 703 1827 bibliopolae
718 1752 782 1829 (qui
795 1750 870 1812 forta
884 1754 1062 1828 papistarum
1073 1756 1196 1829 gratiam
1208 1771 1295 1818 rena·

119 1855 220 1933 betur)
243 1857 366 1918 uidimus
380 1857 478 1918 icones
498 1857 618 1918 Joannis
637 1856 779 1918 Frideriei
800 1857 933 1916 electoris
954 1863 982 1918 et
1003 1859 1089 1918 Turoi
1115 1860 1297 1934 imperatoris

119 1979 150 2023 se
164 1967 267 2024 mutuo
283 1963 429 2024 intuentes
443 1978 607 2038 suspensus,
623 1961 701 2037 quod
715 1961 853 2037 probrum
867 1963 987 2037 piissimi
1001 1964 1139 2040 principis
1153 1981 1212 2026 nou
1227 1965 1292 2027 abs·

121 2083 179 2142 que
194 2068 285 2128 animi
300 2065 398 2128 dolore
413 2067 553 2142 videntes,
569 2066 667 2134 ambas
683 2083 733 2129 aas
748 2067 832 2129 nobis
848 2067 975 2129 emimus.

210 2173 359 2248 Propitius
375 2179 436 2234 esto
451 2173 563 2234 domine
579 2179 696 2247 peccato
711 2179 824 2248 nostro,
848 2174 968 2234 multum
989 2179 1033 2234 est
1053 2175 1142 2252 enim,
1165 2173 1202 2236 da
1222 2175 1295 2236 cari·

120 2284 212 2339 tatem
227 2277 405 2354 nuntiatam,
422 2279 460 2340 da
474 2279 569 2339 odisse
584 2279 689 2338 malum
705 2285 734 2340 et
748 2279 908 2340 adhaerere
922 2279 1007 2340 bono.

212 2386 295 2458 xxiiij
310 2385 420 2462 Aprilis
435 2384 473 2444 ad
487 2384 524 2444 D.
540 2385 709 2463 Mauritium
724 2385 840 2459 quidem
855 2386 954 2444 condo
968 2382 1069 2460 fiebat,
1086 2389 1118 2444 at
1132 2385 1169 2446 ob
1184 2383 1297 2445 Liborii

122 2490 339 2566 egritudinem,
358 2491 407 2564 qui
421 2491 525 2550 misere
541 2489 651 2550 calculo
661 2489 852 2565 cruciabatur,
869 2505 914 2550 me
924 2505 987 2549 cum
998 2489 1170 2551 Wendslino
1181 2489 1293 2550 etMel-

122 2596 222 2657 chiore
239 2594 343 2656 Lindie
359 2596 542 2656 sollicitatum
561 2597 605 2656 ire
627 2596 825 2657 conveniebat.
857 2594 954 2654 Primo
974 2596 1062 2670 igitur
1083 2595 1160 2655 cedes
1180 2595 1296 2656 Domini

121 2701 212 2776 Viglii
228 2700 366 2760 Zuicheni
380 2707 527 2779 petentes,
551 2717 616 2762 cum
631 2701 722 2761 solum
736 2701 912 2776 reperimus,
936 2701 986 2774 qui
1002 2705 1154 2776 postquam
1169 2715 1295 2775 praesen·

91 2800 96 2806 ’
122 2807 194 2866 tiam
208 2812 339 2866 noemam
354 2812 528 2892 compertam
543 2807 652 2881 habuit,
669 2805 783 2867 obviam
797 2805 879 2866 nobis
895 2821 1025 2880 egressus
1040 2821 1093 2865 nos
1108 2807 1186 2866 intra
1200 2805 1296 2866 hiber·

122 2911 258 2972 uaculum
274 2924 356 2971 snum
372 2911 461 2972 duxit.
493 2911 537 2972 Ibi
551 2911 739 2972 Wendelinus
753 2910 880 2970 breviter
895 2909 1008 2996 solitam
1027 2910 1195 2984 petitionem
1214 2925 1297 2985 repe-

123 3017 183 3091 tiit,
206 3031 253 3076 me
273 3032 387 3091 quoque
407 3023 561 3092 eapropter
579 3021 611 3078 'et
629 3017 685 3076 mei
705 3021 735 3076 et
753 3014 877 3102 fratrum
891 3015 1006 3086 nemim
1021 3014 1123 3074 adesse
1139 3014 1219 3074 dixit.
1249 3013 1297 3074 ad

122 3119 187 3181 hoec
202 3121 315 3196 Viglius
331 3121 492 3195 respondit,
509 3122 534 3181 si
550 3137 602 3180 nos
617 3123 674 3196 ipsi
687 3121 734 3181 vel
749 3121 840 3180 nostri
856 3120 1003 3180 consilium
1018 3119 1106 3194 ipsius
1122 3121 1212 3180 secuti
1226 3118 1295 3179 luis·

123 3230 203 3302 sent,
224 3227 369 3301 negotium
384 3227 438 3286 hoo
452 3226 498 3287 vel
513 3231 580 3286 ante
594 3242 705 3288 meuses
721 3226 847 3301 quinque
862 3225 901 3286 ad
914 3220 999 3286 finem
1018 3224 1138 3302 produci
1158 3225 1295 3299 potuisse,

123 3337 280 3406 antequem
295 3333 382 3391 causa
398 3329 576 3408 coloniensis
598 3331 654 3416 huo
675 3331 810 3392 devoluta
830 3333 876 3392 sit.
907 3332 979 3392 Item
999 3331 1100 3392 retulit
1118 3331 1201 3392 uobis
1220 3329 1295 3390 Her-

123 3453 261 3497 maunum
276 3453 294 3504 a
309 3435 460 3512 Molspurg
476 3437 590 3496 disertis
605 3437 699 3498 verbis
715 3438 831 3511 dixisse,
847 3439 872 3497 si
888 3436 1071 3498 colonienses
1086 3440 1200 3496 centum
1215 3435 1295 3509 equi·
1310 3511 1315 3527 ‚

123 3549 169 3604 tes
184 3543 398 3633 Volckmarium
412 3543 568 3616 mitterent,
585 3541 733 3603 catorum
747 3544 881 3617 princeps
897 3542 1033 3602 ducentos
1047 3540 1085 3600 ad
1099 3542 1144 3600 his
1158 3523 1306 3600 resisten-¹

124 3647 194 3708 dum
209 3648 358 3722 missurus,
375 3652 461 3722 atque
475 3646 520 3706 his
535 3647 630 3708 verbis
641 3664 797 3708 caesmeam
813 3649 994 3722 maiestatem
1009 3648 1130 3707 maxime
1144 3647 1296 3721 irritatam,

124 3758 228 3829 utpote
244 3753 293 3826 qui
309 3747 436 3828 dixisset,
453 3753 476 3812 si
492 3753 601 3814 Hessus
616 3753 763 3828 ducentos,
780 3768 834 3828 ago
849 3757 993 3815 tremulos
1007 3752 1128 3834 mittam.
1157 3751 1230 3810 ltem
1245 3749 1296 3814 ab.-

124 3857 324 3918 solutiousma
339 3858 538 3918 commissariis
553 3856 658 3919 factam
672 3857 785 3934 quidem
802 3875 861 3918 uon
875 3857 1000 3932 negavit.
1026 3856 1084 3916 Sed
1099 3855 1234 3931 quonism
1248 3841 1296 3915 co·

124 3963 209 4023 mites
224 3961 447 4024 Waldeccenses
462 3977 493 4024 se
507 3977 561 4039 pro
577 3962 710 4037 subditis,
728 3964 782 4023 etsi
796 3962 899 4022 uasmli
914 3960 1061 4022 (latiorum
1077 3967 1186 4036 essent,
1209 3977 1296 4037 repu-

124 4071 237 4142 tarent,
253 4067 392 4141 idipsum
405 4068 452 4128 hic
466 4069 497 4128 iu
512 4067 705 4143 disputatione
720 4083 791 4128 esse.
820 4066 939 4128 Addens
953 4073 1096 4144 praeterea
1106 4067 1298 4130 auditionem

124 4173 299 4234 absolutioni
313 4173 478 4249 adjunctum
493 4190 570 4248 esse,
586 4190 649 4234 eam
664 4173 786 4246 scilicet,
802 4172 1000 4234 Reiuhnrdum
1015 4176 1146 4258 comitem
1161 4177 1191 4233 et
1205 4173 1294 4234 Joam

124 4294 192 4338 nem
207 4277 361 4354 Georgium
373 4277 505 4338 Schaden
519 4276 763 4339 aMittelbibrach
777 4277 894 4352 quidem
908 4278 1113 4340 Wuldeocauoa
1129 4277 1296 4363 absolvisse,

124 4398 225 4443 verum
241 4383 368 4458 ealege,
390 4388 423 4442 ut
436 4397 570 4444 caesareas
584 4383 729 4457 majestati
743 4399 775 4442 se
796 4383 962 4444 obedientes
981 4384 1117 4444 obterunt
1137 4385 1167 4443 et
1186 4379 1221 4442 de
1242 4382 1298 4442 hac

123 4501 158 4550 re
171 4488 263 4568 ipsius
278 4487 448 4550 clementiae
462 4487 568 4561 clarius
583 4503 753 4566 responsum
766 4488 936 4565 reciperent.
960 4488 1034 4551 Tum
1043 4487 1209 4564 Wolradus,
1224 4485 1297 4548 Pro·
