3020 5112
674 387 739 458 215

104 574 236 649 argenti
248 571 402 672 habentur.
441 569 570 634 Tandem
584 568 760 638 Greventhal
774 575 988 650 pervenientes,
1012 575 1062 634 ubi
1075 576 1094 637 J
1095 591 1216 636 oannem
1231 574 1287 638 Ga-

103 682 256 755 laoteum,
277 679 456 740 Ludovieum
478 693 591 738 serrum
611 683 640 738 et
654 678 797 738 loannem
818 661 901 740 nobis
922 679 1076 756 apedibus
1091 698 1154 742 eum
1170 684 1289 742 sarcinis

103 787 312 860 relinquentes
332 799 385 844 nos
398 789 479 844 reeta
494 780 818 860 Salveldiampetimus.
857 785 1005 846 Evenerat
1018 791 1114 846 autem
1124 785 1286 862 Wolffgau·

103 909 176 965 gum
195 893 332 952 aomitem
352 889 522 952 aGleiehen
538 893 567 948 et
583 888 728 948 dominum
747 890 778 952 in
797 887 1000 950 Blanelre'heim
1020 908 1137 951 uxorem
1161 899 1288 954 nostram

104 1013 175 1058 eum
191 1014 297 1064 sorore
312 995 484 1056 Aemilia'in
503 983 647 1056 Salvelm
665 995 795 1054 convivio
817 997 963 1072 excipere,
987 1001 1017 1056 et
1037 1013 1113 1072 pene
1133 997 1285 1074 aooiderat,

103 1110 138 1162 nt
152 1104 240 1178 ipsos
255 1103 287 1162 in
302 1101 374 1162 urbe
389 1099 483 1160 adhue
498 1100 717 1160 invenissernus.'
735 1100 870 1162 Transito
886 1105 981 1162 autem
997 1102 1072 1162 sale
1087 1103 1162 1164 vado
1177 1104 1285 1164 Rudel·

102 1209 240 1270 stadium
256 1207 295 1268 ed
310 1205 505 1266 ehsrnsiman
520 1219 632 1264 socrum
648 1211 678 1264 et
692 1221 810 1268 morem
826 1206 889 1264 sani
903 1210 934 1266 et
947 1207 1053 1282 integri
1069 1207 1195 1285 (Christo
1211 1225 1284 1268 sem·

102 1315 230 1388 piterna
244 1315 283 1374 sit
296 1309 408 1388 gratia).
418 1311 610 1386 pervenimus.
646 1310 687 1370 Et
701 1312 768 1386 qnia
783 1327 882 1370 socrus
897 1299 971 1372 filias
987 1319 1188 1388 expectaverant
1202 1315 1286 1376 solita

104 1421 296 1482 ennae-hora
310 1437 369 1480 una
384 1419 569 1500 coenavimus.
592 1412 694 1492 ltaque
709 1433 773 1478 enm
788 1417 924 1480 ‹lielovis
939 1423 1006 1480 ante
1021 1421 1173 1482 secundem
1187 1437 1285 1496 pome-

104 1527 259 1597 ridianam
275 1524 491 1598 aNorinberge
506 1524 675 1596 abierimus,
695 1524 745 1587 elis
767 1522 880 1584 sabbati
894 1525 970 1585 eirea
984 1527 1133 1600 septimam
1147 1528 1193 1590 vel
1207 1532 1284 1590 octa

104 1646 176 1690 vam
194 1631 289 1690 noces
307 1627 524 1690 Rudelstadium
544 1629 735 1702 pervenimus.
759 1623 871 1690 ‘Distat
885 1636 981 1692 antem
994 1632 1177 1710 Noriubarga
1192 1651 1210 1694 a
1224 1635 1284 1696 Ru·

105 1736 258 1796 delstadio
273 1735 397 1806 miliaria
412 1735 514 1810 viginti
529 1735 665 1808 quinque.
803 1805 809 1812 ,

162 1877 169 1884 -
201 1840 384 1902 Rudelstadii
409 1857 445 1902 ex
474 1839 580 1901 nesmis
607 1855 672 1898 oum
691 1841 941 1916 uxorenymphas
963 1841 1089 1903 Evama
1108 1837 1283 1920 Wirtzberg,

102 1945 240 2010 Mariam
250 1951 280 2008 et
290 1947 404 2008 nnnnm
417 1935 532 2008 sorores
545 1935 699 2020 germanas
714 1943 867 2018 Galeoteas
882 1943 1002 2022 nobiles,
1017 1947 1159 2034 loannem
1173 1949 1281 2010 aHon·

103 2050 182 2127 fele,
209 2052 389 2114 Joaeiimnn
405 2068 423 2110 a
438 2049 547 2135 Salder
555 2055 585 2112 et
598 2050 800 2112 Volekmarnm
813 2069 832 2112 a
847 2045 1105 2142 Germershauseu,
1125 2054 1283 2122 Henricum
1333 2125 1335 2132 ,

104 2161 135 2216 et
144 2157 166 2217 J
167 2173 293 2218 oannem
304 2155 425 2236 famulos
440 2155 695 2218 etBnrekhardum
710 2158 849 2231 nuntium,
866 2157 1067 2234 Volekmarnrn
1082 2156 1207 2238 nHagn,
1220 2160 1284 2220 Fri·

103 2262 239 2340 doricum
258 2264 387 2338 aBergo
408 2264 577 2338 reperimus.
631 2263 691 2322 Sub
711 2266 824 2324 nomem
844 2264 960 2326 domina
980 2281 1077 2326 socrus
1099 2269 1145 2328 nie
1163 2267 1283 2330 indusiis

102 2349 372 2444 ιιίἰιὶιιοιιίιιιιιιιὶι.1
534 2373 536 2378 ’
862 2337 868 2374 ³

190 2476 209 2548 ,j
225 2474 297 2534 Julii
310 2467 416 2534 mensis
424 2471 560 2536 Albertus
569 2474 666 2537 Dreoo
681 2481 748 2551 post
762 2481 891 2538 octavam
905 2477 936 2536 in
951 2494 1018 2540 aree
1033 2480 1201 2555 evangelion
1215 2489 1282 2556 'pro-

104 2580 209 2654 posuit
223 2595 260 2638 ex
272 2595 337 2654 aap.
356 2580 474 2640 enuere
490 2580 527 2640 de
541 2581 699 2655 piscatione
714 2598 738 2640 s.
754 2582 844 2658 Petri,
861 2583 910 2655 qui
921 2585 1047 2655 jubente
1057 2585 1170 2648 Christo
1185 2589 1282 2663 eopio-

108 2701 174 2746 ssm
188 2683 309 2759 pienum
324 2690 472 2760 capturam
487 2684 604 2746 fenerem.
633 2686 684 2746 Ait
697 2703 835 2746 summam
849 2688 934 2761 huius
949 2692 1096 2764 evangelii·
1109 2707 1180 2766 esse,
1205 2693 1283 2768 quod

105 2807 219 2866 eorum,
235 2793 286 2866 qvi
301 2790 415 2852 Christo
431 2807 467 2852 ex
482 2793 576 2853 animo
591 2790 693 2868 fidunt,
709 2793 819 2854 animos
833 2783 922 2854 ve'rbo
937 2799 1037 2854 saneto
1050 2811 1105 2856 suo
1120 2811 1238 2868 pssoere
1252 2803 1283 2858 et

106 2913 235 2972 oorpora
249 2893 348 2957 eorum
364 2897 434 2957 eibis
450 2896 569 2958 relinere
584 2898 662 2958 velit.
700 2898 730 2958 Si
745 2898 885 2958 tamen-in
899 2895 1045 2971 agnitione
1060 2906 1090 2960 et
1104 2899 1160 2961 fide
1175 2901 1283 2962 Christi

108 2993 332 3078 permanserint,
350 3010 380 3064 et
393 3001 541 3066 contenuit
555 3019 592 3064 ex
607 3004 826 3077 hoo‘evangelio
846 3002 991 3064 doetrinae
1007 3021 1118 3065 novem.
1157 3007 1282 3068 Primam

106 3109 145 3169 de
161 3097 352 3170 sollieitudine
367 3109 475 3170 Christi
490 3126 560 3184 erge
575 3124 651 3183 snos,
669 3101 698 3168 ¹et
713 3108 737 3166 si
751 3113 830 3168 reete
844 3109 960 3170 memini
971 3112 1055 3184 juxta
1070 3103 1199 3171 ordinem
1214 3111 1282 3172 Plri-

106 3215 180 3290 lippi
195 3215 391 3280 Melenthonis
400 3221 503 3291 'cetero
518 3215 657 3288 exposuit.

197 3322 225 3380 A
239 3322 361 3396 prandio
375 3321 564 3382 Balthasarns
578 3337 597 3380 a
611 3319 814 3396 omndenberg
828 3337 892 3380 enm
911 3322 995 3382 venia
1019 3320 1151 3386 dimissus
1173 3321 1280 3382 Wima·

105 3429 183 3488 riam
197 3426 235 3488 ad
248 3427 391 3504 prinsipes
407 3441 473 3487 suos
488 3425 583 3486 rediit.
620 3425 844 3489 Amendavimus
858 3425 959 3494 eadem
973 3425 1193 3493 Burekhardum
1208 3445 1280 3490 nun·

105 3533 180 3592 tium
194 3537 225 3594 et
240 3548 303 3592 eum
318 3539 438 3607 satrapa
451 3533 482 3592 in
496 3530 672 3592 Rudelstedt
685 3534 811 3608 egimus,
836 3535 861 3592 si
877 3549 938 3606 qua
957 3548 1047 3606 equos
1065 3533 1103 3592 ad
1118 3533 1279 3600 ducendum

105 3643 225 3700 numum
239 3623 438 3718 promerende
453 3636 560 3704 hebere
575 3653 732 3711 possemus.
756 3626 868 3702 Aderat
883 3643 913 3698 et
926 3636 1105 3696 Rudelstadii
1120 3653 1194 3696 uxor
1210 3637 1278 3704 (loe-
1393 3629 1396 3636 '

104 3745 180 3804 toris
194 3744 361 3804 Melchioris
376 3743 413 3804 ab
429 3731 580 3804 Ossaeam
595 3743 707 3810 duabus
722 3743 844 3804 filiabus.

197 3850 218 3922 ij
234 3850 355 3918 Juliiin
377 3851 482 3910 sacello
501 3850 590 3908 eastri
609 3850 769 3910 anlelstsd
788 3849 923 3914 dominns·
939 3845 1075 3946 albertus
1096 3845 1194 3907 Draoe
1208 3849 1276 3908 nou*

105 3957 238 4016 pinnatus
254 3961 307 4030 est,
322 3955 474 4016 lristnriam
488 3954 660 4014 visitationis
673 3955 776 4014 Mariae
796 3969 832 4013 ex
847 3955 875 4014 d.
891 3952 972 4012 Lnea
991 3958 1154 4028 contexens.
1192 3951 1277 4012 Prius

102 4053 206 4122 'tamen
220 4061 271 4135 ait,
287 4075 319 4120 se
333 4062 454 4122 alteram
469 4065 582 4134 partem
596 4060 746 4140 evangelii,
767 4059 880 4120 honest
895 4041 931 4118 de
945 4059 1117 4118 metatore
1131 4057 1280 4130 Marieeet
1374 4058 1377 4064 '

106 4180 246 4241 responso
260 4165 410 4226 Elisabeth
431 4167 461 4228 in
476 4165 554 4226 alind
568 4159 680 4238 tempus
697 4153 870 4234 dilaturum,
900 4163 1048 4230 omarum
1066 4179 1135 4223 vere
1150 4162 1277 4237 deiparae

107 4271 227 4347 virginis
239 4270 284 4332 ita
299 4273 441 4348 exposuit,
456 4278 490 4332 ut
505 4272 604 4332 deoem
617 4287 718 4358 versus
732 4270 882 4344 divideret
894 4271 926 4330 in
940 4270 1055 4330 laudem
1070 4269 1177 4330 domini
1190 4283 1225 4328 aa
1240 4267 1277 4328 de

108 4377 228 4452 singulis
244 4375 291 4438 dei
305 4375 468 4452 virtutibus,
484 4377 690 4462 misericordia,
706 4379 836 4450 potentie
850 4382 879 4437 et
893 4378 1015 4437 veritate
1037 4375 1185 4448 loquentes
1199 4369 1276 4431 faee-

107 4488 162 4547 ret
186 4482 268 4548 Inter
282 4487 380 4542 uetera
394 4481 440 4544 hio
453 4483 574 4560 nomnt,
589 4483 703 4550 meon
717 4482 856 4558 virginem
869 4481 994 4546 Marium
1007 4479 1124 4553 minse,
1144 4475 1277 4552 potentes

1487 4545 1489 4672 l
