3046 5104
759 421 805 486 86

196 611 300 671 denam
321 609 432 682 equites
447 605 561 667 circiter
575 607 652 666 mille
669 610 698 664 et
714 603 823 678 aliquot
845 609 989 663 tormenta
1009 618 1092 663 enea
1105 617 1170 662 cum
1185 603 1303 676 pulvere
1325 585 1374 661 ar-

196 715 337 774 mentario
361 717 426 784 etc,
459 717 489 771 et
509 716 653 785 preterea
666 715 699 768 ut
719 709 758 770 ad
776 709 884 770 dietam
905 711 935 770 in
954 709 1112 770 Ηιιιιιοιοι·
1134 710 1271 768 mitteret.
1309 709 1376 782 Ipse

198 825 295 880 autem
309 833 364 892 ego
384 816 466 894 (qnia
480 832 527 876 me
546 816 723 880 nullam-vel
746 829 799 887 pro
822 829 868 874 me
893 816 956 889 ipso
972 817 1096 890 gratiam
1110 815 1188 890 apud
1203 815 1377 874 caemrnnos

197 939 331 1000 proceres
346 924 476 983 invenire
491 920 650 996 sperarem)
666 933 784 980 causam
798 919 873 980 hanc
888 935 906 978 a
920 937 967 980 me
980 905 1085 994 rejeci
1095 955 1111 978 ‹-

287 1029 398 1088 Eodem
413 1028 547 1086 ostiarius
562 1025 684 1086 camene
698 1025 821 1084 concilii
827 1025 983 1098 imperialis
995 1027 1076 1098 jussu
1093 1025 1324 1087 consiliariorum
1338 1023 1378 1083 ad

132 1121 134 1126 ’
199 1134 354 1210 hospitium
375 1137 505 1191 nostrum
527 1132 644 1190 veniens
669 1132 776 1204 scripta
796 1128 1050 1204 redintegrationis
1071 1131 1252 1205 querelarum
1267 1127 1378 1188 Peder-

200 1239 349 1300 bcrneusis
369 1237 500 1310 presulis
523 1242 625 1304 eontra
645 1237 763 1294 comites
778 1251 796 1292 a
811 1233 952 1294 Waldeok
966 1237 1095 1308 Rubrio,
1118 1251 1201 1310 quem
1217 1234 1309 1294 solum
1322 1234 1376 1293 ibi·

201 1345 266 1412 dem
280 1343 398 1416 reperit,
413 1340 541 1402 tradidit.
565 1341 716 1416 Philippus
737 1345 766 1398 et
789 1340 917 1400 Joaunes
937 1340 1051 1402 iratres
1064 1343 1156 1405 nostri
1177 1339 1377 1402 eumdumius

200 1451 329 1534 principe
351 1447 463 1508 Bassia
478 1447 577 1520 pransi
591 1451 667 1520 sunt,
684 1447 798 1508 Samuel
819 1451 848 1506 et
856 1444 992 1510 Eubulus
1012 1448 1042 1506 in
1062 1447 1188 1520 hospitio
1210 1459 1376 1520 permanse-

201 1560 278 1614 runt.
308 1553 363 1612 Est
376 1569 475 1612 rumor
490 1551 526 1612 de
541 1551 685 1612 soluendis
699 1551 829 1622 cominu.
860 1550 999 1614 Dominus
1015 1551 1051 1612 de
1066 1552 1145 1625 Lyra
1161 1549 1209 1628 (ex
1223 1551 1286 1610 cive
1300 1551 1378 1623 prin·

202 1634 281 1733 ceps)
292 1657 401 1718 Caesari
413 1657 564 1716 aconsiliis
573 1662 603 1716 et
612 1658 753 1716 exercitus
762 1655 820 1716 dux
828 1656 867 1718 ad
876 1655 1025 1716 Cattornm
1037 1657 1196 1732 principem
1207 1657 1311 1716 misem
1325 1660 1377 1714 est.

291 1763 409 1822 inimus
421 1763 525 1824 eodem
546 1763 576 1821 in
592 1759 707 1821 officina
721 1762 878 1836 cujusdam,
902 1764 952 1835 qui
973 1763 1004 1822 in
1018 1761 1147 1822 calamo
1170 1761 1334 1820 nuncnnco
1350 1766 1379 1820 et

203 1871 234 1928 in
256 1866 450 1932 artelusoria
473 1867 551 1928 haud
570 1865 654 1928 facile
676 1881 776 1939 parem
796 1867 825 1926 in
850 1866 1004 1928 Germania
1023 1866 1132 1926 habere
1156 1867 1277 1940 dicitur,
1301 1865 1378 1939 apud

204 1989 289 2048 quem
310 1974 488 2034 ecclesiastes
510 1971 626 2047 quidnm
646 1972 676 2030 iu
697 1970 891 2046 Memmiugen
909 1972 1037 2032 loannes
1057 1972 1210 2032 Hummeln
1233 1971 1327 2032 dictus
1349 1971 1379 2030 in

204 2077 414 2140 usumGasaris
429 2079 571 2154 horologii
585 2079 699 2138 thecam
714 2093 751 2136 ex
765 2077 927 2136 aunehnlco
942 2075 1132 2152 deargentato
1148 2083 1179 2136 et
1193 2076 1319 2151 desuper
1333 2077 1376 2134 in·

204 2191 306 2246 aurate
322 2200 386 2244 cnm
401 2185 491 2258 signis
506 2183 680 2256 coelestibus,
697 2198 783 2242 cumn
798 2184 932 2258 siderum,
950 2184 1109 2257 digestione
1123 2184 1315 2258 planetarum,
1331 2197 1377 2242 re-

205 2290 350 2350 volutione
374 2289 440 2348 creli
462 2295 492 2348 et
515 2289 611 2348 nescio
636 2287 739 2360 quibus
763 2305 823 2347 uon
844 2289 919 2348 notis
933 2288 1060 2362 undique
1074 2285 1300 2348 lorasoaelatum
1314 2285 1378 2348 fieri

204 2398 350 2468 procurat,
367 2394 447 2467 cujus
463 2393 557 2466 operis
573 2397 684 2467 partem
700 2393 825 2466 aliquam
840 2393 970 2454 vidimus.
1004 2393 1118 2452 Dicitur
1132 2391 1228 2455 autem
1242 2393 1378 2454 Hamme-

200 2497 259 2558 -lius
274 2497 323 2556 ille
338 2497 410 2558 adeo
426 2513 532 2572 guarus
547 2498 590 2557 rei
605 2499 803 2558 astronomica
818 2504 848 2558 et
861 2498 1005 2573 mathesis,
1022 2501 1054 2558 ut
1068 2501 1131 2576 ipso
1145 2499 1260 2575 Apiano
1275 2499 1378 2560 cedere

202 2619 264 2666 non
277 2601 418 2668 videatur.
442 2602 552 2662 Eadem
567 2603 776 2676 Milcbltugium
789 2603 828 2662 ad
842 2604 942 2664 ducem
951 2605 1114 2678 firmatum,
1130 2603 1242 2664 silorte
1256 2606 1378 2678 resmip

205 2709 298 2782 sisset,
313 2707 449 2767 misimtu.
473 2707 531 2772 Sed
544 2709 569 2766 is
579 2707 656 2772 nihil
669 2711 801 2782 responsi
815 2709 847 2768 id
861 2711 998 2785 temporis
1012 2707 1120 2770 rettulit.

296 2811 444 2888 Quoniam,
468 2829 576 2873 summe
596 2819 626 2873 et
645 2815 819 2889 sempiterne
842 2813 913 2873 deus
933 2814 1021 2874 oculis
1036 2815 1094 2874 tuis
1109 2814 1181 2874 nihil
1196 2817 1241 2872 est
1256 2812 1376 2874 abscon·

206 2919 296 2982 ditum
312 2924 342 2980 et
354 2919 456 2980 millies
471 2920 573 2980 melius
588 2936 622 2980 ac
643 2920 724 2982 nobis
745 2920 815 2994 ipsis
830 2923 947 2978 cunetas
961 2919 1146 2980 necessitates
1161 2925 1276 2980 nostras
1291 2921 1377 2994 noan,

206 3030 239 3086 tu
253 3027 349 3086 omnia
371 3025 595 3088 misericorditer
613 3027 698 3100 juxta
720 3025 930 3098 beneplacitum
952 3025 1056 3086 divinae
1076 3025 1231 3084 voluntatis
1245 3029 1303 3084 tuce
1319 3023 1376 3084 dis-

208 3147 292 3208 pone,
306 3131 362 3190 tibi
376 3133 451 3190 enirn
465 3131 520 3190 soli
534 3147 599 3192 cnm
614 3132 743 3205 eeclesia,
767 3129 804 3190 ab
825 3132 943 3206 anduno
963 3129 1084 3193 finnus
1098 3130 1200 3190 merito
1215 3135 1246 3189 et
1258 3129 1378 3202 promis·

207 3237 334 3296 sionibus
349 3235 401 3294 tilii
415 3238 458 3295 tui
473 3235 657 3309 dilectissimi,
683 3234 794 3297 domiui·
804 3238 959 3298 servatoris
975 3237 1066 3296 nostri
1079 3235 1151 3296 lesu
1166 3234 1281 3308 Christi
1298 3235 1376 3293 cani-

207 3357 279 3401 mus
302 3341 418 3399 Exaudi
432 3355 485 3399 nos
500 3339 571 3404 ocus
586 3340 723 3403 samarie
736 3346 835 3400 noster
850 3347 880 3401 et
894 3343 1037 3417 propitius
1053 3346 1115 3400 esto
1130 3341 1377 3415 peccatisnostris

205 3449 326 3520 propter
341 3459 444 3504 nomeu
464 3449 593 3504 sanctum
607 3449 697 3530 tuum.
727 3444 851 3518 ,Exaudi
865 3463 926 3521 nos,
941 3448 1066 3521 mquam,
1092 3449 1125 3506 iu
1134 3445 1248 3519 justitia
1262 3451 1323 3520 tua,
1345 3450 1379 3504 ut

199 3543 258 3609 uni
272 3548 379 3608 nomini
393 3553 443 3608 tuo
458 3550 496 3608 sit
509 3550 610 3623 gloria.
631 3549 712 3625 Rege
727 3567 779 3612 nos
794 3553 899 3626 spiritu
912 3558 1012 3614 sancto
1026 3540 1086 3626 tuo,
1099 3568 1136 3612 ne
1150 3567 1321 3625 proruamus
1340 3550 1378 3612 ad

207 3656 356 3717 dexteram
370 3671 464 3730 neque
480 3657 519 3716 ad
533 3657 678 3716 sinistram
694 3657 871 3732 dilabamur,
888 3659 938 3718 sed
953 3657 991 3716 ad
1006 3673 1134 3716 normam
1149 3662 1207 3716 tue
1221 3658 1377 3718 voluntatis

207 3763 303 3823 omnia
317 3767 416 3822 nostra
430 3762 625 3835 instituamus,
653 3778 707 3837 per
721 3762 844 3832 eundem
866 3763 1012 3824 dominum
1031 3769 1160 3824 nostrum
1179 3748 1376 3824 Jesum'ctui-

208 3871 293 3942 ιιιιιιι,
309 3883 374 3928 oum
388 3884 445 3942 quo
459 3869 512 3929 tibi
528 3872 557 3929 et
571 3884 594 3926 s,
611 3867 714 3940 spiritu
729 3869 768 3926 sit
782 3869 944 3930 benedictio
959 3870 1022 3930 laus
1037 3874 1068 3929 et
1081 3870 1254 3942 sempiterna
1269 3870 1375 3944 gratia·

204 3985 268 4032 rum
284 3975 368 4034 sotio.
391 3973 492 4034 Amen.

296 4079 346 4154 xiij
361 4079 438 4151 Maji
450 4095 535 4153 quam
551 4079 780 4142 Christianorum
795 4079 896 4154 vulgus
912 4065 1082 4141 dominicam
1096 4079 1210 4140 Exaudi
1231 4084 1324 4154 vocat,
1348 4081 1379 4140 iu

208 4185 271 4246 sede
284 4185 424 4250 Mauritio
437 4201 527 4246 *sacra
548 4187 639 4246 lector
660 4187 854 4260 pro'ambone
874 4191 961 4259 caput
983 4183 1023 4244 14
1038 4185 1171 4246 Matthaei
1195 4185 1377 4259 evangeliste

207 4293 294 4366 legit,
318 4295 347 4350 et
369 4297 490 4367 catera,
511 4307 577 4366 qua
598 4293 706 4366 scripto
728 4293 919 4366 pronunciare
936 4291 962 4348 is
984 4290 1066 4350 solet.
1105 4287 1295 4364 Wullgangus
1309 4307 1377 4350 vero

207 4397 655 4471 Masculusexcap.15Joanuis
669 4397 731 4456 hac
745 4397 834 4459 verba
848 4398 1010 4472 proposuit:
1029 4397 1107 4457 «Vos
1119 4397 1180 4470 jam
1194 4396 1295 4456 mundi
1309 4397 1378 4456 estis

210 4485 329 4578 propter
343 4501 471 4580 verbnm,
487 4502 566 4576 quod
577 4502 690 4562 locutus
701 4517 764 4562 sum
774 4501 865 4598 votis,
875 4503 1030 4565 manetem
1044 4517 1090 4562 me
1105 4509 1135 4563 et
1149 4517 1204 4578 ego
1218 4503 1250 4562 in
1264 4501 1374 4562 vobis.»
