3020 5112
746 446 813 513 244

199 630 260 692 fere
276 629 329 690 sub
344 633 457 690 noctem
472 644 536 688 cum
550 623 611 700 filia
624 626 748 688 Aemilia
757 625 985 690 Oreoichieldum
1001 604 1232 705 edwelpurgim
1242 645 1373 691 sororem

201 753 283 797 suam
297 733 377 796 obiit.
401 723 426 824 Ἀ

289 840 411 902 Gothem
431 839 485 902 sub
507 841 654 916 septimam
677 840 769 900 noctis
792 840 973 914 pervenimus
997 840 1134 915 hospitati
1156 840 1186 900 in
1207 838 1320 902 fumoso
1343 845 1374 900 et

199 948 305 1008 rustico
320 947 453 1022 hospitio.
478 945 579 1006 (iothse
596 946 684 1006 Ottho
700 962 718 1006 a
733 945 843 1006 Sebsch
857 945 950 1004 Annae
965 944 1056 1006 frater
1070 944 1180 1006 aderet.

288 1072 327 1114 xx
341 1054 411 1113 Julii
431 1052 532 1112 Gothos
559 1054 590 1112 in
614 1051 745 1112 coenobio
764 1051 1018 1126 Augustinensi'um
1045 1051 1200 1126 quendam,
1231 1051 1281 1124 qui
1303 1052 1373 1112 olim

200 1158 327 1233 eiusdem
341 1159 466 1220 coenobii
480 1159 635 1218 monachus
650 1156 754 1232 iuerat,
771 1173 806 1216 ex
822 1173 883 1230 cap.
903 1160 942 1215 17
958 1157 1058 1218 Actor.
1074 1158 1234 1218 audivimus
1250 1155 1286 1216 de
1300 1173 1371 1231 pro·

200 1262 323 1324 tectione
338 1265 422 1324 Pauli
437 1269 466 1324 et
482 1264 548 1326 Silue
564 1281 600 1324 cx
622 1263 763 1338 Philippis
785 1264 816 1322 hs
831 1262 1054 1323 Thessalonicen
1073 1268 1103 1322 et
1117 1279 1181 1336 quse
1202 1263 1239 1322 sit
1252 1261 1374 1324 fortune

199 1368 395 1444 profitentium
415 1371 579 1444 veritatem,
605 1375 635 1428 et
648 1385 712 1442 quse
726 1367 816 1428 fuerit
829 1357 991 1430 constantis
1005 1369 1105 1444 Pauli,
1129 1370 1178 1443 qui
1198 1385 1252 1428 neo
1272 1370 1320 1429 vel
1334 1369 1373 1429 oh

199 1475 301 1550 plagas
316 1465 495 1549 velinjmias
511 1475 651 1549 Philippis
671 1478 804 1548 acceptes
824 1479 937 1534 arceto
953 1473 1101 1534 discedere
1124 1478 1175 1534 aut
1188 1473 1372 1548 praedicatio·

200 1596 265 1638 nem
281 1581 421 1654 euangelii
435 1579 597 1652 relinquere
611 1580 742 1640 voluerit.
780 1581 852 1646 Item
868 1580 970 1654 quibus
990 1579 1127 1642 derebus
1149 1585 1178 1640 et
1193 1582 1294 1653 quenti
1308 1595 1371 1638 mo·

200 1687 289 1746 menti
304 1685 476 1761 caruerint,
499 1701 562 1759 quse
577 1685 684 1745 Paulus
704 1685 781 1759 apud
795 1685 1064 1748 Thessalonicenses
1086 1689 1197 1748 locutus
1212 1687 1258 1745 sit.
1298 1686 1373 1746 Item

200 1792 279 1866 quod
294 1791 358 1850 duae
377 1808 424 1852 res
439 1792 549 1852 Judaeis
571 1792 748 1866 obstiterint,
770 1789 1023 1865 quominusfidem
1038 1793 1136 1863 christi
1151 1793 1302 1866 acceptare
1317 1791 1372 1866 'po-

199 1900 320 1974 tuerint,
337 1915 396 1958 una
412 1899 489 1972 quod
504 1899 633 1973 neglecto
649 1897 756 1956 christo
776 1914 829 1970 per
849 1913 938 1970 opere
957 1897 1029 1973 legis
1048 1903 1078 1958 ct
1096 1914 1148 1957 sua
1168 1897 1322 1957 sedulitate
1342 1901 1376 1956 et

199 2006 308 2078 meritis
318 2021 349 2064 se
360 2021 445 2079 posse
455 2004 560 2064 salvari
574 2003 629 2062 sibi
639 2003 709 2080 ipsis
719 1989 1049 2078 persuasumhaberent3
1064 2003 1158 2063 altera
1167 1995 1246 2078 quod
1260 2001 1372 2076 christi,

200 2111 249 2184 qui
263 2126 349 2170 uerus
365 2116 428 2178 erat
443 2114 473 2168 et
487 2115 531 2170 est
545 2109 681 2184 Messias,
705 2109 837 2170 domiuus
860 2115 891 2168 ct
909 2125 962 2168 rex
982 2107 1202 2170 infernimortis
1217 2113 1247 2168 et
1262 2105 1375 2168 diaboli

198 2231 252 2287 pro
267 2216 349 2277 uobis
366 2215 484 2290 devicti,
507 2231 628 2289 regnum
642 2219 789 2274 terrenum
804 2215 995 2289 quesierunt,
1021 2219 1050 2274 et
1064 2214 1111 2274 hic
1125 2219 1226 2274 nostra
1239 2219 1376 2286 tempora

198 2320 242 2404 ad
250 2321 399 2394 praeterito
413 2319 579 2380 Judseorum
594 2297 733 2380 contulit
756 2319 993 2395 conquerebatur
1008 2336 1122 2393 quoque
1136 2323 1251 2380 nostros
1265 2317 1371 2378 adver·

198 2426 290 2484 serios
313 2441 399 2498 quum
418 2426 583 2499 longissime
604 2415 933 2486 eThessalouicansiurn
955 2425 1084 2498 exemplo
1108 2426 1217 2498 abesse,
1242 2440 1307 2482 cum
1321 2423 1372 2482 isti

198 2531 236 2604 vi,
252 2507 394 2605 quaeipsis
404 2520 506 2604 pulcra'
515 2531 658 2614 videntur,
675 2529 757 2590 nobis
767 2530 922 2591 obtrudere
932 2535 1074 2606 satagunt.
1099 2529 1372 2592 Thessalonicenses

197 2652 267 2695 uero
289 2636 450 2696 scrutandis
466 2637 632 2710 scripturis,
652 2651 694 2706 ¹un
707 2637 770 2694 haec
785 2638 827 2698 ita
842 2653 873 2696 se
887 2636 1043 2712 haberent,
1067 2643 1166 2711 qu‘ees
1187 2634 1372 2711 praeconibus

198 2741 326 2802 veritatis
342 2743 525 2818 audiverant,
550 2742 664 2803 veritati
680 2742 856 2802 assenserint
878 2749 931 2802 etc.
977 2743 1039 2803 Nec
1063 2743 1168 2804 oblitus
1183 2740 1238 2802 fuit
1256 2746 1318 2801 tum
1342 2746 1374 2800 et

197 2847 346 2932 honestum
356 2847 527 2908 mentionem
542 2852 571 2907 et
585 2837 710 2913 debitam
721 2847 954 2910 intercessionem
969 2865 1022 2923 pro
1033 2848 1239 2923 gloriosissimo
1254 2848 1372 2908 quuue

200 2953 326 3046 electore
341 2959 395 3014 etc.
411 2951 515 3014 iacere.
926 2935 931 2939 ’

286 3059 363 3120 Dein
377 3064 491 3134 sumpto
509 3059 655 3132 jentaculo
672 3056 894 3132 Greutzbergapn
916 3057 1059 3118 tendimus
1074 3059 1127 3119 suh
1143 3056 1300 3120 secundam
1316 3073 1370 3133 po·

138 3247 140 3252 Δ
197 3165 386 3226 meridianum
401 3182 435 3226 eo
450 3147 675 3240 pervenientes..
698 3162 839 3238 Georgius
855 3177 873 3223 a
887 3163 1017 3226 Horetull
1036 3165 1200 3239 capitaneus
1219 3165 1297 3224 arcis
1311 3178 1372 3226 uon

198 3271 309 3332 aderat.
781 3328 784 3334 .

288 3376 434 3450 comperti
452 3392 547 3434 sumus
562 3362 702 3451 Jodcoum
722 3375 872 3437 Schonhar
886 3374 1114 3438 Gorbscbianum
1134 3377 1250 3451 nuptias
1270 3376 1302 3435 in
1317 3391 1370 3436 no·

199 3485 260 3541 stro
286 3481 410 3556 hospitio
434 3481 568 3541 habuisse
597 3498 632 3541 ac
659 3483 775 3542 viduum
802 3483 971 3570 mercatoris
1002 3475 1109 3543 ibidem
1134 3484 1165 3542 in
1192 3480 1371 3558 Oreutzberg

200 3587 323 3648 duxisse.
360 3589 421 3662 Ipsi
435 3603 549 3668 quoque
563 3586 639 3647 hunc
658 3587 801 3648 hominem
814 3593 844 3648 et
858 3587 979 3647 vidimus
999 3592 1029 3648 et
1050 3571 1187 3658 nonnulle
1201 3588 1239 3648 ab
1253 3602 1289 3648 eo
1303 3588 1372 3648 emi·

198 3709 269 3754 mus.

285 3798 313 3858 A
327 3816 411 3862 omne
424 3801 455 3860 in
469 3800 568 3860 hortos
583 3817 649 3860 suos
658 3800 770 3862 Wcrrae
785 3795 1076 3872 flummiudjecentes
1090 3802 1121 3858 et
1135 3799 1238 3858 uinetis
1253 3797 1366 3860 arbori·

197 3903 251 3964 bus
264 3905 332 3964 maii
347 3911 377 3965 et
390 3904 483 3966 cerasi
504 3907 631 3981 undique
653 3905 778 3966 consitos
800 3903 905 3978 hospes
924 3907 1194 3968 uxorem-nostrum
1209 3909 1306 3966 etnos
1322 3921 1369 3966 ce·

197 4014 276 4070 toros
291 4010 418 4072 deduxit.
832 4085 835 4090 Ι

286 4116 382 4176 Urnus
418 4123 484 4179 octo
520 4133 660 4178 mensurae
688 4115 943 4190 Creutzbergeusis
981 4131 1045 4176 cum
1080 4131 1148 4176 uass
1178 4115 1255 4190 ejus,
1292 4113 1371 4190 quod

197 4219 241 4280 illi
263 4221 397 4296 prouenit
415 4223 488 4298 viui,
519 4241 573 4299 pro
603 4237 706 4284 novem
728 4221 849 4280 thaleris
872 4221 966 4280 minus
993 4219 1156 4296 quindecim
1179 4221 1272 4284 batris
1299 4221 1368 4282 emi·

197 4341 270 4386 mus.

287 4431 433 4507 Hospitati
451 4428 555 4492 fuimus
575 4431 776 4508 Oreutzbergre
798 4429 876 4508 spud
896 4431 1041 4494 consulem
1055 4433 1210 4509 ioannem,
1225 4430 1371 4494 hominem

197 4534 282 4614 trogi,
298 4539 348 4613 qui
362 4554 427 4600 cum
440 4522 531 4602 uxore
546 4538 676 4620 omnibus
691 4537 774 4601 bouis
788 4535 863 4600 bene
877 4538 957 4602 uelit
