3054 5110
226 571 335 632 Libros
357 585 376 630 u
397 567 514 631 domino
535 569 603 632 Vite
625 568 709 632 datos
729 567 857 646 Georgio
878 569 1000 634 Weiden
1020 545 1242 651 compingendos
1262 575 1312 638 de·

140 679 242 740 unu.
303 742 307 746 ,
415 707 420 718 -
1427 663 1433 678 '

226 781 353 844 Domine
372 782 454 857 lesu,
478 795 543 842 eum
562 781 684 856 ipsemet
704 782 743 842 sis
762 782 880 859 veritas,
902 783 1074 846 inveritate
1094 800 1207 861 quoque
1221 789 1313 864 putris

139 889 181 948 tui
194 887 307 950 locatus
322 887 371 962 sis,
394 887 537 948 neminem
557 901 594 946 ex
608 886 691 947 nobis
710 889 1012 950 miserismortclibus
1032 905 1085 950 suu
1104 892 1190 952 anxie
1210 893 1313 952 sollici-

138 993 239 1054 tudine
261 993 309 1055 vel
331 990 387 1052 sibi
409 992 536 1054 cubitum
556 991 742 1068 longitudinis
762 994 888 1069 adjicere
908 1009 1001 1069 posse,
1025 995 1067 1055 ita
1086 995 1185 1060 uolens
1205 991 1257 1057 nos
1276 997 1313 1058 de

52 1093 67 1108 ⁵
139 1103 240 1160 nostra
254 1113 331 1186 ¹vanu
344 1113 379 1158 ac
389 1097 487 1158 vstultu
504 1112 575 1157 curu
595 1101 626 1156 et
643 1097 738 1157 inutili
756 1099 875 1160 tristitia
893 1098 933 1159 ad
950 1100 1091 1174 cogitatus
1110 1108 1224 1162 nostros
1238 1102 1269 1172 ip
1282 1109 1312 1163 te

137 1203 456 1279 rejiciendosallicere.
496 1201 539 1262 Te
553 1214 687 1276 rogemus
709 1208 792 1277 pater
815 1207 845 1264 et
858 1205 1038 1281 redemptor,
1063 1204 1203 1266 danobis
1225 1207 1311 1284 ferre,

138 1326 203 1392 quse
214 1310 295 1384 juste
311 1309 445 1387 patimur,
460 1305 515 1368 tibi
529 1303 619 1368 fidere
636 1311 665 1367 et
679 1321 697 1366 a
712 1311 741 1368 te
757 1309 847 1368 omnis
862 1309 905 1370 rei
920 1315 1053 1371 eventum
1068 1318 1244 1388 exspectare,
1263 1315 1312 1388 qui

137 1417 211 1476 vivis
227 1419 258 1474 et
272 1429 377 1489 regnas
393 1417 447 1474 etc.

227 1521 268 1596 xij
291 1519 400 1596 Aprilis
421 1535 458 1580 ex
477 1520 577 1580 norica
595 1518 667 1580 urbe
686 1518 754 1580 dum
774 1520 882 1582 abitum
901 1537 1049 1599 paramus,
1073 1523 1225 1600 singularis
1244 1524 1311 1586 doc·

137 1626 223 1694 trinse
238 1631 269 1686 et
287 1625 450 1700 prudentiae
469 1625 641 1701 pietatisque
662 1641 779 1704 mmmm
798 1625 842 1686 vir
860 1625 1054 1702 Hieronymus
1068 1613 1318 1704 Boumgirtnerus‘

137 1737 257 1794 senator
277 1736 307 1792 et
325 1731 464 1808 patricius
478 1730 711 1806 norinbergemis
725 1748 779 1792 nos
793 1733 936 1808 convenit,
959 1735 1009 1807 qui
1027 1734 1103 1794 inter
1121 1740 1225 1796 caetera
1239 1737 1312 1796 haee
1433 1747 1435 1754 ·

137 1837 201 1898 cine
216 1849 293 1896 nuno
307 1852 370 1897 esse
384 1842 516 1912 tempora
530 1837 581 1912 ait,
604 1843 638 1898 ut
652 1853 736 1898 nemo
751 1837 843 1898 amico
858 1837 904 1896 vel
918 1853 971 1912 per
986 1841 1080 1898 mutos
1094 1840 1221 1913 nundus,
1243 1840 1312 1914 quid

137 1944 217 2004 intus
230 1939 316 2018 ierat,
339 1941 454 2018 aperire
468 1941 569 2018 possit,
584 1948 614 2002 et
628 1956 660 2002 se
675 1943 779 2017 uereri,
795 1942 899 2003 multos
913 1942 977 2002 hmo
990 1948 1121 2018 tempora
1135 1942 1313 2018 productura

137 2053 291 2123 mouru-
466 2069 470 2073 ·
506 2127 509 2132 ,

227 2153 256 2214 A
269 2153 453 2230 Norinbergu
468 2154 720 2230 Weissenburgum
737 2154 777 2212 im
791 2153 919 2216 Norkaw
932 2156 989 2214 iter
1003 2155 1185 2232 arripuimus.
1215 2157 1250 2217 ln
1264 2160 1312 2220 via

137 2267 182 2322 est
203 2260 342 2336 oppidum
363 2259 537 2345 Schuubach
559 2275 622 2320 oum
642 2264 739 2319 castro
759 2277 778 2318 a
797 2259 946 2334 coquenda
960 2262 1098 2322 cerevisia
1118 2263 1243 2338 celebre,
1267 2264 1310 2324 di·

138 2369 226 2430 tionis
246 2365 443 2426 marcidonum
462 2365 606 2428 embron
644 2365 717 2426 Item
736 2371 832 2425 castra
850 2365 1024 2440 Aunenberg
1044 2369 1170 2444 episcopi
1190 2369 1310 2430 eichsta-

137 2474 229 2534 tensis
252 2477 282 2533 et
303 2472 426 2547 lilingen
448 2471 578 2546 magistri
596 2471 746 2546 teutonici,
771 2471 820 2545 qui
846 2473 963 2533 natione
984 2471 1084 2534 Outtm
1107 2490 1143 2534 ex
1165 2479 1312 2536 stemmate

138 2580 174 2640 de
188 2577 392 2654 Milchlingen,
416 2579 462 2638 oui
476 2593 580 2639 nomen
598 2577 617 2637 J
619 2593 740 2652 oannes,
763 2577 831 2636 licet
851 2579 934 2637 nimis
952 2581 1096 2653 gratiosus
1112 2579 1160 2657 (ne
1175 2579 1244 2654 quid
1259 2579 1310 2640 du-

138 2686 199 2746 rius
214 2683 251 2745 de
265 2685 347 2746 doris
361 2681 421 2744 filio
437 2681 542 2760 dcam)
559 2684 589 2744 in
603 2683 729 2757 putrium
742 2679 839 2742 fuerit.
869 2683 980 2744 Visitur
998 2690 1028 2745 et
1046 2700 1100 2744 arx
1118 2684 1266 2759 Heydeck.

228 2792 436 2867 weissenburg
454 2791 523 2852 urbs
539 2794 588 2851 est
602 2789 758 2863 imperialis
778 2789 993 2864 uNorinberga
1007 2791 1130 2850 miliaria
1144 2795 1254 2865 septem
1267 2790 1311 2851 di·

139 2905 228 2974 stans,
246 2898 314 2958 olim
326 2915 380 2972 per
394 2897 562 2958 exconsules
576 2895 816 2970 norimbergenses
830 2895 995 2969 regebatur.
1018 2894 1102 2954 Nunc
1120 2897 1225 2955 vexilla
1236 2897 1310 2956 mili-

140 3005 215 3066 turia
229 3009 299 3064 unte
314 3009 414 3079 portas
429 3019 577 3079 suspense,
594 3003 657 3077 quis
671 3000 758 3074 hujm
773 2999 1005 3073 urbispotissit,
1020 3001 1090 3059 sutis
1104 2999 1310 3062 demonstrent.

139 3110 248 3171 Misere
264 3111 339 3170 euim
353 3110 439 3184 uires,
462 3108 530 3169 dum
544 3123 604 3168 non
619 3106 697 3182 ocius
712 3105 881 3166 inconsultis
896 3104 1011 3166 Noricis
1026 3102 1197 3165 Oaesarianis
1212 3110 1311 3180 portas

138 3220 273 3276 reserant
288 3204 368 3292 ssioet
381 3216 412 3276 in
426 3216 546 3290 gutiam
562 3210 695 3288 recepti)
710 3219 807 3273 tumen
821 3210 877 3272 hoc
891 3210 1070 3271 incommodo
1089 3210 1256 3286 multantur,
1278 3217 1312 3272 ut

138 3320 333 3382 hebdomadas
354 3335 456 3382 nouem
479 3319 536 3379 duo
556 3318 635 3379 milia
655 3318 814 3393 iberorum,
838 3331 909 3390 quos
929 3317 1090 3376 militariter
1110 3317 1221 3389 equites
1240 3317 1310 3378 levis

137 3431 293 3487 armaturae
309 3426 461 3500 dicuut,‘et
474 3425 598 3499 hospitio
614 3425 747 3500 excipere
761 3430 791 3484 et
803 3425 881 3483 alere
893 3427 1076 3498 cogerentur,
1085 3437 1207 3496 quorum
1219 3425 1311 3499 major

139 3549 207 3607 pure
222 3531 336 3606 hospite
351 3531 507 3591 insontum
522 3530 602 3590 abiit.
632 3531 786 3590 Retinetur
801 3527 895 3588 adhue
910 3527 988 3603 apud
1005 3528 1070 3588 illos
1085 3527 1216 3588 doctrine
1230 3529 1311 3590 verbi

138 3652 221 3712 pura,
246 3641 286 3711 at,
309 3635 491 3712 prohdolor,
515 3633 591 3696 mma
605 3634 707 3710 fertur,
731 3633 1046 3713 multospseudoverbi
1064 3633 1210 3694 ministros
1229 3634 1311 3694 dere-

140 3743 214 3802 lictis
229 3739 367 3802 uxoribus
382 3741 516 3818 amplecti
531 3747 560 3801 et
574 3741 700 3802 seculum
716 3757 750 3800 ac
765 3740 845 3801 velut
859 3756 925 3800 sues
946 3755 976 3798 se
996 3754 1096 3798 rursus
1118 3738 1218 3800 eodem
1232 3741 1311 3802 volu-

140 3853 202 3910 tare
217 3845 371 3909 volutabro
383 3847 455 3908 luti,

174 3990 179 3998 -
226 3953 284 4014 Hic
298 3969 413 4028 quoque
428 3953 587 4029 prinoipem
601 3956 732 4012 nostrum
751 3948 845 4012 adhuc
864 3949 1060 4025 Heylbrunuee
1081 3965 1139 4012 non
1158 3950 1311 4012 admodum

141 4074 281 4135 prospera
294 4057 460 4120 valetudine
474 4059 567 4118 teneri
582 4056 742 4118 didicimus.

229 4163 285 4238 Qui
301 4162 537 4240 dedit-incipere,
559 4163 583 4224 is
599 4177 713 4238 quoque
728 4177 825 4221 rerum
840 4167 973 4224 eventum
987 4165 1074 4225 novit.
1140 4197 1143 4200 ·

228 4269 377 4345 Hospitatd
391 4275 487 4330 autem
502 4285 597 4328 sumus
612 4267 691 4342 apud
705 4268 825 4328 Petrum
839 4267 950 4343 Eyden,
975 4274 1147 4342 quaestorem
1168 4273 1310 4330 aerarium.

235 4373 376 4447 Quoniam
391 4375 511 4435 vanitati
525 4376 656 4435 humanae
671 4375 820 4451 proprium
835 4379 888 4450 est,
904 4372 972 4433 dum
985 4375 1070 4450 longe
1084 4392 1103 4434 a
1117 4376 1244 4450 periculo
1259 4374 1310 4434 ab·

143 4484 199 4556 est,
222 4479 319 4542 omnia
338 4477 395 4541 sibi
415 4477 498 4541 tuelle
518 4480 706 4560 persuadere,
729 4486 763 4546 ut
782 4482 905 4559 primum
924 4485 1021 4544 autem
1039 4480 1254 4544 cruci-vicinior
1269 4479 1310 4553 fit,
