3046 5104
785 363 851 430 lla

153 592 157 600 .
196 581 200 590 ·
236 547 328 604 minus
343 546 391 613 ille
415 548 539 606 omnium
558 553 641 622 pater
663 545 797 620 dignetur
813 545 936 619 donare,
960 549 993 606 'at
1012 542 1172 606 indomiuo
1188 561 1251 604 cum
1266 525 1414 628 sollicita-⁶

236 651 302 711 dine
317 652 498 727 magistratus
512 653 640 726 praesint,
657 651 764 710 subditi
775 639 967 710 obedientiam
978 649 1103 710 debitam
1113 654 1254 724 praestent
1268 650 1306 710 ad
1316 649 1407 711 divini

236 758 280 816 sui
295 757 417 816 nominis
430 756 568 817 honorem
583 763 613 817 et
626 757 724 830 populi
739 753 907 829 profectum.
931 755 1034 814 Amen.

325 862 377 921 Usi
391 878 486 920 sumus
501 866 531 920 et
545 861 572 920 d.
590 859 686 920 Caroli
701 861 827 920 consilio.
866 858 976 922 'Eadem
992 859 1060 919 Otto
1075 875 1169 918 comes
1179 875 1202 917 a
1218 857 1402 933 Sohomberg,

235 965 446 1041 archipraesulis
461 965 647 1026 .Coloniensis
666 981 817 1040 germanus
840 964 931 1024 frater
955 964 1104 1025 advenisse
1128 964 1287 1024 dicebatur.
1326 965 1406 1023 Mar-

236 1072 350 1130 chalcus
371 1071 544 1145 Schomberg
567 1076 596 1128 et
616 1071 780 1130 damnosa
798 1071 948 1144 Zeltinqen
968 1086 1071 1145 operas
1087 1085 1153 1128 suas
1180 1067 1264 1128 nobis
1284 1062 1406 1142 polliciti

236 1183 310 1250 sunt,
327 1175 378 1235 sod
391 1175 517 1236 Nasonis
531 1191 623 1236 more:
653 1175 791 1234 Pollicitis
807 1174 887 1234 dives
902 1174 1022 1250 quilibet
1036 1191 1099 1234 esse
1113 1177 1220 1306 potest.
1258 1173 1298 1232 Et
1314 1188 1405 1248 grava

237 1285 281 1339 est
295 1280 373 1354 vulpi
387 1281 481 1340 leonis
493 1281 598 1340 malam
612 1279 758 1353 gratiam
750 1280 833 1338 r-nire.

324 1383 436 1444 Eadem
451 1383 620 1444 Wilhelmus
638 1400 732 1442 comes
751 1384 898 1443 aNassau
920 1400 973 1458 per
986 1381 1121 1442 Lindiam
1145 1343 1237 1442 nobis
1250 1381 1307 1440 dici
1321 1397 1405 1440 cura·

237 1488 295 1562 vit,
325 1489 567 1561 archiepiscopum
591 1487 781 1548 coloniensem
808 1474 844 1548 dc
863 1488 987 1546 multis
968 1487 1107 1562 mjnriis‚
1131 1487 1233 1565 quibus
1256 1488 1307 1546 et
1298 1503 1362 1560 rpse
1377 1491 1408 1545 11

237 1590 346 1650 subditi
364 1593 410 1650 sui
428 1609 446 1651 1
467 1591 548 1652 nobis
567 1591 663 1651 affecti
682 1598 791 1667 essent,
818 1597 1004 1666 conquestum
1025 1607 1101 1664 osse,
1125 1597 1155 1650 et
1178 1592 1237 1652 nisi
1254 1593 1406 1651 comitere

238 1697 379 1757 Waldeck
393 1698 470 1772 apud
483 1713 550 1756 snos
565 1702 714 1772 curarent,
736 1704 768 1758 11
782 1698 817 1756 iis
832 1698 918 1757 rebus
934 1697 1179 1782 supergrederetur,
1204 1694 1406 1755 Coloniensem

237 1787 284 1862 vel
298 1804 424 1862 crastino
439 1803 512 1880 velle
528 1803 724 1862 executionem
739 1797 868 1870 mandati
883 1807 912 1861 11
922 1803 997 1876 juris
1013 1819 1031 1861 1
1046 1801 1160 1860 Caesare
1175 1805 1286 1888 petere.
1334 1865 1340 1874 ⁸

325 1885 434 1967 Eadem
448 1905 585 1974 Nicolaus
600 1908 694 1967 Maior
709 1907 869 1966 licentiatus
892 1923 944 1981 per
963 1900 1129 1966 schedulam
1144 1903 1323 1980 significavit,
1337 1921 1406 1978 ¹quae

237 2011 400 2072 Baithasari
416 2027 433 2070 a
449 2010 620 2086 (1111111311-
628 2029 679 2072 111
695 2011 809 2071 nomine
824 2007 1028 2084 perscribenda
1043 2016 1148 2071 111111.

326 2117 408 2175 Mota
429 2120 474 2175 ast
494 2117 597 2176 seditio
616 2117 691 2178 inter
710 2115 857 2176 institores
877 2121 906 2176 et
920 2107 1047 2190 pedites,
1072 2115 1240 2176 11111111
1254 2115 1348 2174 altero
1371 2129 1407 2211 ex

238 2220 381 2294 peditibus
395 2221 464 2280 laeso
479 2236 527 2279 res
541 2237 608 2280 mox
622 2221 772 2294 consopita
787 2225 839 2313 ast.

325 2323 434 2412 Eadem
451 2324 571 2384 Carolus
586 2342 605 2384 a
620 2324 762 2400 Stockem,
778 2301 895 2386 comites
910 2324 1037 2387 loannes
1052 2331 1082 2386 et
1069 2323 1223 2394 tEubulas
1237 2323 1410 2384 fratresrus

238 2407 358 2503 petiere.
1512 2507 1513 2520 χ

328 2533 550 2609 christophorus
571 2534 629 2594 dux
649 2535 867 2614 aWirtenberg
888 2537 999 2610 equites
1018 2533 1128 2610 aliquot
1147 2534 1280 2607 Augusta
1293 2534 1410 2607 ablega·
1512 2539 1513 2622 j

238 2637 288 2712 vit,
306 2655 362 2711 quo
377 2639 459 2700 nobis
471 2640 586 2722 ,caeteris
600 2639 646 2698 hic
657 2656 769 2699 moram
784 2641 972 2714 nectentibus,
988 2644 1021 2699 ut
1036 2640 1092 2700 dici
1105 2641 1187 2713 solet,
1204 2640 1306 2698 solatio
1323 2646 1409 2700 esset.
1512 2623 1513 2704 J

239 2741 293 2814 Qui
307 2743 440 2820 respicis,
464 2745 558 2830 Deus,
581 2723 695 2804 causam
709 2742 808 2806 afflicti
824 2751 854 2806 11
867 2746 975 2822 inopis,
997 2732 1034 2804 ne·
1049 2749 1164 2805 tuorum
1179 2743 1357 2812 obliviscaris
1371 2744 1411 2802 ¹in
1512 2735 1513 2746 ’

238 2845 340 2908 finam!
943 2924 946 2928 .
1105 2923 1110 2930 ‘
1282 2826 1285 2834 ¹

326 2954 361 3012 In
374 2955 521 3014 mansione
536 2954 625 3030 Viglii
640 2954 797 3016 Zweichem
811 2955 907 3030 pariet
894 2935 921 3014 ti¹
932 2955 1088 3028 ascriptum
1101 2955 1235 3058 legimus:
1250 2952 1328 3014 Dieu
1342 2969 1411 3013 mou
1512 2991 1513 3006 2

240 3059 336 3134 cspoir
351 3064 381 3119 et
395 3059 517 3144 coniort
1512 3039 1513 3048 ἵ

280 3165 392 3224 Jam
411 3166 493 3239 quasi
511 3181 565 3239 per
587 3164 737 3268 continuos
759 3163 871 3239 aliquot
892 3163 953 3224 dies
975 3164 1120 3239 principes
1142 3141 1262 3224 concilia
1275 3159 1412 3237 frequen-

238 3270 350 3330 taruntl

277 3372 278 3378 ’
327 3389 384 3430 xxv
405 3373 478 3446 Maji
488 3367 628 3432 dominus
646 3373 773 3432 Jouunes
794 3374 936 3460 Henricus
955 3375 1018 3434 loco
1041 3378 1071 3434 et
1091 3375 1163 3434 hora
1182 3334 1326 3438 consuetis
1346 3368 1411 3435 tet·

239 3479 300 3536 tum
314 3476 442 3552 epistolae
457 3476 541 3536 Pauli
555 3477 594 3541 ad
607 3477 751 3536 Romanos
767 3495 803 3538 ex
818 3495 880 3554 cap.
900 3481 938 3538 13
959 3484 1127 3554 prosecutus
1146 3483 1202 3538 est:
1223 3479 1297 3552 «eri
1312 3484 1412 3540 autem

239 3584 315 3659 patri
329 3583 500 3657 restiterint,
524 3581 579 3642 sibi
597 3582 667 3657 ipsis
684 3583 824 3654 jndioium
844 3585 993 3659 accipient.
1023 3584 1099 3643 Nam
1118 3584 1262 3659 principes
1276 3599 1336 3642 non
1350 3589 1411 3642 ter-

240 3689 299 3746 rori
314 3693 381 3747 1111
395 3688 468 3768 beno
482 3687 642 3766 agentibus,
666 3687 717 3761 sed
732 3689 815 3748 male.
846 3691 897 3748 Vis
916 3695 1012 3749 autem
1030 3678 1203 3768 nontime're
1217 3688 1413 3762 potestatem?

240 3792 323 3864 Quod
336 3792 442 3883 honum
458 3800 501 3853 est
514 3787 657 3867 facitqet
671 3791 745 3852 feres
763 3793 878 3855 laudem
897 3793 934 3853 ab
952 3794 1012 3874 illa.
1042 3794 1098 3854 Dei
1118 3795 1194 3853 enim
1212 3794 1345 3853 minister
1360 3795 1414 3853 tibi
1512 3823 1513 3846 t

240 3897 270 3956 iu
284 3899 397 3958 bonum.
430 3899 512 3972 Quod
527 3899 552 3956 si
565 3897 668 3957 feceris
683 3899 714 3958 id
729 3899 805 3971 quod
821 3899 926 3987 malum
944 3905 997 3974 est,
1020 3901 1098 3958 time.
1129 3897 1196 3959 Non
1211 3900 1287 3958 enim
1301 3897 1414 3974 frustra
1512 3925 1513 3976 3

240 3999 366 4076 gladium
380 4009 488 4077 gestet(
513 4003 588 4079 Nam
603 4003 659 4061 Dei
673 4005 803 4063 minister
817 4008 870 4078 est,
894 4005 971 4063 ultor
985 4004 1023 4063 ad
1042 4004 1114 4063 iram
1130 4005 1156 4063 ei
1176 4004 1234 4078 qui,
1256 3996 1335 4076 quod
1349 4019 1412 4062 ma·

240 4107 299 4166 lam
313 4114 366 4182 est,
389 4107 498 4167 iecerit.
530 4087 714 4183 Quapropter
732 4113 846 4182 oportet
865 4102 927 4168 esse
942 4109 1079 4184 subditos,
1101 4125 1159 4168 non
1179 4109 1271 4168 solnm
1290 4109 1414 4184 propter

240 4215 327 4288 11111,
350 4229 449 4274 verum
470 4209 557 4272 etiam
574 4196 698 4292 propter
716 4199 953 4292 ,conscientiamm
991 4215 1074 4274 Fecit
1093 4219 1189 4274 autem
1210 4215 1327 4274 brevem
1348 4213 1415 4272 heri

240 4318 675 4392 dictornm'recapitulationem.
711 4318 822 4400 1111111
843 4317 879 4379 11
898 4303 1022 4379 utilitate
1042 4320 1207 4394 potcstatis,
1231 4320 1415 4392 potissimum

240 4439 303 4482 oum
318 4426 356 4486 sit
375 4424 518 4486 ordinatio
537 4423 593 4484 Dei
610 4425 686 4484 bona
707 4423 789 4484 nobis
809 4425 840 4484 in
858 4424 973 4484 bonum.
1011 4423 1190 4498 Deuscnim,
1213 4425 1318 4500 inquit,
1342 4424 1416 4484 nihil
