3054 5110
111 577 206 639 renda
222 583 276 640 cto.
308 577 443 638 Pluribus
459 579 496 639 de
510 577 555 638 his
569 579 718 639 Musonius
734 579 924 641 sincerissime
939 581 1044 642 docuit.
1076 585 1121 646 De
1136 585 1171 646 iis
1186 591 1290 661 antem,

113 701 179 758 quac
196 689 367 758 sequuntur,
391 683 463 744 dixit
478 700 509 744 se
523 687 554 744 in
570 687 748 762 expositione
767 690 805 744 12
823 688 925 760 capitis
940 688 1100 750 luculenter
1115 691 1291 766 disseruisse,

112 787 164 850 ubi
185 787 248 849 iere
271 789 374 848 eedem
389 788 479 849 verba
494 795 681 864 ponerentur,
706 792 839 852 nimirum
860 791 934 852 haec:
961 793 1019 854 »Et
1038 811 1114 854 nunc
1133 795 1193 854 dixi
1211 797 1292 856 vobis

113 897 283 968 priusquam
303 892 364 969 fiet,
388 901 420 954 ιιι
438 911 501 954 eum
521 893 627 955 iactum
641 894 738 970 luerit,
763 897 918 956 credetis«
951 897 1051 958 Obiter
1071 895 1167 959 tums'n
1182 901 1293 960 monuit

112 1001 162 1059 hic
177 1017 232 1060 nos
247 1000 357 1058 discere
373 999 488 1074 debere,
503 1005 536 1058 ut
550 1001 646 1060 verbis
662 1001 769 1060 Christi
782 1001 904 1074 firmiter
917 1003 1075 1078 credamus,
1089 1005 1169 1079 certi,
1186 1005 1290 1078 omnia,

113 1121 180 1178 quse
195 1105 373 1179 praedixerit,
392 1110 529 1165 eventura
544 1121 615 1166 esse.
648 1106 797 1182 Quoniam,
812 1109 914 1182 iuquit,
927 1109 1010 1181 juxta
1025 1110 1147 1168 Paulum
1160 1106 1233 1168 fides
1248 1115 1293 1168 est

114 1225 217 1268 eurum
229 1225 327 1268 rerum
343 1225 407 1282 quse
422 1215 574 1283 sperantur
589 1211 751 1270 substantia
759 1209 779 1286 ¹,
793 1217 990 1286 argumentum
1004 1218 1100 1273 autem
1110 1229 1216 1289 eorum,
1227 1229 1291 1288 quse

113 1332 174 1376 non
195 1315 342 1388 videntur,
366 1314 412 1372 vel
433 1318 465 1372 ut
483 1317 566 1374 vetus
580 1313 665 1374 lectio
679 1315 779 1389 habet,
801 1323 1001 1391 argumentum
1022 1335 1118 1378 rerum
1138 1318 1292 1392 sperande·

112 1438 180 1480 rum
201 1437 261 1480 non
276 1418 485 1493 apparentium,
509 1417 581 1476 nihil
599 1421 696 1493 magni
714 1419 825 1496 leceris,
842 1424 867 1482 si
882 1423 983 1483 credas
998 1439 1041 1498 ea,
1065 1440 1129 1499 quae
1140 1426 1202 1508 jem
1215 1421 1292 1484 fucta

112 1530 193 1598 sunt,
218 1539 283 1596 ques
298 1523 345 1582 vel
358 1523 467 1596 videre,
490 1523 537 1582 vel
551 1525 683 1587 manibus
697 1526 817 1599 palpare
838 1529 924 1588 etiem
945 1545 1042 1602 queas.
1074 1529 1131 1588 Sed
1150 1527 1223 1588 adeo
1237 1528 1292 1588 tibi

112 1643 286 1704 persuasum
301 1628 419 1703 habeas,
443 1633 523 1688 certo
544 1645 588 1703 ea,
612 1643 676 1703 quoe
692 1629 822 1690 Christus
842 1631 985 1707 predixit,
1009 1639 1148 1693 eventura
1163 1649 1236 1708 esse,
1259 1637 1292 1692 ut

113 1735 199 1807 quasi
216 1733 278 1806 jam
297 1730 374 1793 accc
395 1733 431 1792 de
451 1733 495 1792 his
516 1733 588 1794 nihil
609 1735 730 1795 dubites.
769 1736 839 1796 Inde
855 1737 907 1796 tibi
922 1738 1083 1796 uberrimus
1097 1735 1207 1797 huetius
1223 1752 1289 1796 con·

113 1839 265 1898 scientiam
278 1836 449 1915 confirmans
463 1838 601 1899 elicietur.
619 1839 649 1899 Si
663 1838 761 1900 videas
776 1841 854 1900 hisce
868 1843 1045 1916 temporibus
1059 1843 1213 1902 multorum
1226 1841 1291 1900 cha·

112 1947 232 2004 ritetem
254 1941 435 2018 refriguisse,
465 1943 571 2018 cogita:
599 1943 737 2004 Dominus
760 1946 801 2004 sic
823 1943 950 2004 futurum
971 1947 1114 2021 praedixit.
1155 1945 1291 2005 Similiter

112 2051 144 2108 in
165 2047 368 2109 afflictionibus
388 2049 442 2108 tibi
464 2049 567 2108 solatio
589 2049 657 2124 erit,
683 2051 756 2108 siin
775 2055 899 2110 mentem
917 2052 1027 2124 ueniet,
1052 2051 1195 2111 dominum
1215 2047 1291 2124 quod

113 2157 175 2213 suis
189 2155 262 2214 talia
276 2159 415 2213 eventura
434 2159 501 2228 sunt
520 2153 687 2228 preedixisse
708 2161 738 2215 ct
758 2155 879 2216 eundem
898 2157 1052 2230 pohicitum
1076 2171 1152 2228 csse,
1177 2139 1209 2214 se
1224 2169 1290 2213 suos

113 2276 174 2318 non
190 2257 403 2329 derelicturum.
435 2261 506 2318 Item
521 2257 608 2318 faciet
622 2264 654 2318 ut
668 2277 706 2320 nc
722 2259 866 2334 desperes,
877 2269 880 2276 '
891 2261 943 2322 scd
963 2262 993 2320 in
1013 2261 1153 2337 patientia
1167 2260 1291 2344 animam

112 2370 195 2424 tuem
209 2364 356 2437 possideas
372 2369 426 2423 eto.
458 2365 529 2424 Post
538 2365 601 2424 haec
618 2365 704 2424 *Nou
716 2365 835 2424 multum
847 2366 951 2439 loquor
960 2366 1138 2438 vobiscum«,
1155 2365 1227 2424 dixit
1240 2363 1290 2423 do-

112 2471 222 2529 minum
242 2470 305 2528 haec
329 2469 433 2528 dixisse
452 2471 488 2546 oh
508 2469 681 2530 vicinitatem
695 2471 864 2530 instantium
886 2471 1077 2545 periculorum
1099 2476 1152 2530 etc.
1195 2469 1290 2528 »Nam

112 2576 195 2634 uenit
206 2575 341 2648 princeps
353 2575 450 2633 mundi
461 2574 566 2648 hupins«
578 2581 631 2634 etc.
655 2575 749 2634 Multa
763 2575 799 2634 dc
810 2575 937 2635 Sathena
950 2576 1080 2649 principe
1094 2573 1193 2634 mundi
1207 2575 1290 2648 hujns

113 2686 143 2740 et
158 2681 219 2740 suis
240 2681 396 2754 conjuretis
417 2679 559 2753 disseruit,
583 2685 613 2739 et
632 2679 709 2752 quod
729 2680 868 2740 sathanici
890 2680 1007 2738 asseclae
1027 2695 1103 2740 nunc
1122 2681 1288 2763 acclament,

114 2788 212 2846 omniu
231 2785 308 2844 mala
327 2790 357 2843 et
372 2783 514 2844 dedecora
529 2785 565 2845 ob
581 2801 683 2844 nouam
699 2784 744 2860 (ut
758 2785 812 2858 ipsi
833 2781 948 2858 vocant)
969 2785 1110 2859 euangelii
1131 2784 1290 2844 doctrinam

113 2892 144 2950 in
158 2889 268 2950 mundo
289 2893 389 2962 enata,
413 2905 477 2947 cum
497 2894 593 2949 tumen
608 2905 691 2970 nemo
707 2906 832 2963 unquam
847 2889 943 2965 (modo
959 2905 1044 2948 verus
1063 2891 1203 2964 euangelii
1218 2906 1289 2964 prse-

113 2997 228 3056 dicator
243 2995 382 3068 extiterit)
398 2995 444 3053 vel
459 2995 572 3054 unicum
587 2995 694 3054 melum
708 2993 819 3054 facinus
835 2993 974 3067 docuerit,
999 3005 1029 3052 et
1048 3009 1139 3051 caseus
1158 2994 1288 3067 muudus,

113 3103 218 3176 inquit,
242 3117 300 3160 non
316 3099 478 3158 considerat
495 3101 630 3159 Saturam
651 3116 715 3160 esse
734 3099 890 3173 principem
909 3097 1008 3157 mundi
1021 3097 1117 3172 hujus,
1140 3099 1191 3170 qni
1211 3099 1289 3157 bisce

115 3206 252 3266 extremis
266 3203 444 3278 temporibus
459 3207 550 3278 magis
564 3205 685 3264 ferociat
698 3221 751 3278 per
766 3219 877 3278 organa
891 3220 943 3264 sua
957 3218 1081 3277 regnans
1103 3207 1132 3262 et
1147 3203 1289 3276 operatio·

114 3327 181 3370 nem
196 3326 279 3370 suam
299 3311 330 3368 in
352 3308 418 3368 filiis
438 3308 604 3370 diffidentiae
626 3327 771 3384 exercens,
795 3309 993 3369 callidissimus
1014 3309 1088 3368 enim
1103 3309 1220 3382 spiritus
1236 3313 1288 3382 est,

113 3416 195 3475 novit
209 3420 323 3489 tempus
342 3413 481 3473 aduentus
502 3412 610 3472 Christi
630 3414 719 3490 (quod
739 3415 817 3476 haud
836 3417 921 3490 longe
944 3412 1038 3489 abest)
1060 3417 1178 3474 instare.
1214 3414 1289 3474 Nam

114 3526 236 3581 commus
259 3523 303 3578 est
328 3519 444 3592 spiritus
464 3520 513 3578 ille
533 3535 656 3594 nequem
676 3536 739 3578 cum
760 3520 873 3582 Christo
894 3523 980 3580 etiam
1003 3518 1117 3582 dominc
1140 3519 1289 3592 scripturis

113 3631 242 3698 certere3
259 3625 325 3684 huic
340 3625 453 3698 spiritui
468 3627 623 3698 immundo,
640 3642 697 3685 non
711 3627 835 3685 innoxiae
851 3623 1170 3697 doctrinaeevengelicae
1186 3629 1289 3682 cuncta
1337 3689 1340 3694 ,

115 3732 246 3791 enormia
261 3735 379 3802 accepta
393 3729 527 3790 ieramus.
557 3733 678 3802 Insuper
693 3731 842 3788 Musculus
861 3728 965 3802 docuit,
990 3744 1075 3801 quam
1095 3728 1204 3786 cunctis
1219 3724 1289 3787 fide·

113 3837 188 3897 libus
204 3837 243 3894 sit
254 3835 357 3896 solatio
366 3835 510 3894 Christum
525 3835 642 3894 dixisse:
661 3835 738 3895 »Sed
749 3835 780 3892 in
791 3850 836 3892 me
851 3849 909 3892 non
923 3832 1010 3891 habet
1024 3833 1207 3906 quicquam«
1231 3833 1290 3896 Per

115 3940 263 4000 Christum
285 3941 360 3998 enim
382 3941 428 3998 hic
449 3941 583 4014 princeps
606 3939 733 3998 devictus
753 3943 811 4011 est,
834 3953 887 3997 nco
909 3938 1061 4010 quicquam
1081 3939 1112 3996 in
1133 3953 1198 3997 cum
1214 3939 1289 4012 juris

113 4045 210 4107 habet.
242 4045 334 4116 Sicut,
359 4046 465 4119 inquit,
490 4045 591 4104 necin
613 4059 724 4116 omnes,
749 4041 928 4118 quiChristo
948 4047 977 4102 et
996 4044 1057 4118 ejm
1076 4043 1164 4104 verbo
1185 4041 1287 4115 fidunt,

113 4152 169 4210 nisi
183 4156 329 4236 quantum
338 4150 380 4208 illi
401 4155 430 4210 et
449 4151 565 4224 quando
585 4153 621 4210 ex
643 4148 740 4208 divina
759 4147 945 4222 permissione
964 4149 1020 4224 ipsi
1038 4153 1140 4210 contra
1153 4163 1206 4208 nos
1221 4163 1289 4208 con·

113 4257 247 4328 ceditur,
261 4269 320 4314 non
335 4260 473 4330 quantum
486 4256 529 4316 illi
542 4256 634 4327 hbuit,
658 4257 691 4312 ut
705 4258 827 4329 apparet
841 4270 878 4315 cx
891 4253 1012 4314 historie
1024 4253 1091 4316 Job.
1122 4253 1203 4316 Nihil
1218 4267 1289 4328 crgo

629 4385 773 4421 .*.

190 4471 344 4526 suessa
411 4473 413 4478 ’
