3020 5112
714 417 779 484 245

248 591 296 678 η’]
312 603 383 664 Iulii
399 599 621 676 &salabergam
633 599 802 674 'loquentes
826 602 856 662 in
872 599 980 678 Cappel
1002 605 1101 678 pransi
1116 611 1146 668 ot
1159 605 1266 668 ibidem
1281 609 1331 670 Jo-

158 723 263 770 annom
279 709 396 777 nohisa
409 707 531 783 pedihus
546 706 722 768 Waldeeiam
736 707 936 784 premisimus.

249 813 396 890 Propitius
411 819 473 874 esto
489 827 577 887 super
591 813 668 872 omni
683 813 842 888 commisso,
858 829 876 873 o
891 813 1014 874 domina

248 918 413 994 Apraudio
428 917 587 978 Bisohusen
601 933 697 977 areem
712 918 849 978 nobilium
863 935 881 978 a
895 919 1050 996 Boneburg
1070 925 1099 982 et
1114 921 1186 982 alias
1200 939 1282 984 arces
1297 942 1332 984 ae

157 1039 249 1100 pagos
263 1028 471 1098 praetereuntes
487 1023 541 1084 sub
556 1025 705 1099 septimam
720 1024 1070 1100 noetisSpaugenbergam
1084 1033 1211 1088 veterem
1226 1028 1253 1088 d.
1268 1030 1330 1090 Eli·

157 1129 289 1192 nabethae
305 1129 402 1192 sedem
417 1129 566 1204 intramus,
585 1145 649 1188 eum
663 1129 749 1204 paulo
764 1135 831 1190 ante
846 1130 999 1190 adventum
1014 1137 1144 1191 nostrum
1159 1131 1331 1208 Rudolphus

158 1234 290 1294 &hanah
313 1236 406 1308 losum
428 1241 529 1295 moena
553 1239 584 1294 et
602 1234 725 1292 vicarius
750 1235 908 1296 Hessorum
933 1237 1070 1309 principis
1095 1219 1243 1300 Cassiliam
1261 1240 1331 1300 hine

157 1339 257 1401 abiens
272 1340 404 1414 puderet.
444 1337 586 1400 Adiuerat
605 1338 710 1399 ibidum
725 1341 861 1415 principis
883 1343 975 1401 nostri
989 1339 1140 1416 ohirurgus
1156 1344 1263 1404 Paulus
1278 1362 1330 1406 no-

156 1445 243 1520 mine,
258 1461 358 1506 versun
379 1447 404 1504 is
427 1443 499 1504 nihll
514 1445 550 1505 de
565 1449 642 1506 statu
656 1457 754 1504 rernm
768 1447 905 1522 principis
925 1446 1053 1508 indicare
1067 1448 1207 1523 voluerat,
1232 1449 1329 1510 diceus

156 1565 189 1613 so
200 1551 366 1623 juramento
381 1549 419 1610 ad
432 1551 577 1611 silentium
591 1551 739 1610 astrictum
754 1565 826 1610 esse.

246 1656 306 1729 xxij
322 1657 393 1717 Jnii
412 1658 523 1732 precati
543 1671 639 1716 sumus
665 1657 833 1729 magistrum
857 1656 1093 1733 christophorum
1114 1656 1216 1734 Greiff,
1239 1664 1273 1719 ut
1295 1677 1331 1720 ea

156 1761 212 1836 die,
228 1777 296 1820 nam
311 1761 452 1822 dominica
473 1768 550 1838 erat,
572 1762 661 1822 verbo
676 1762 783 1824 domini
798 1778 850 1821 nos
865 1777 983 1835 passere
1006 1763 1188 1838 dignaretur,
1211 1767 1260 1838 qui
1275 1766 1329 1825 sub
1452 1782 1454 1786 ·

156 1871 299 1941 quartam,
315 1873 467 1940 postquam
481 1868 678 1942 hluoeeoerat,
692 1869 731 1928 ad
744 1867 898 1941 hospitium
912 1873 1042 1927 rosham
1056 1870 1148 1942 venit,
1179 1869 1284 1929 ibidem
1298 1872 1329 1929 in

156 1968 287 2032 inferiori
301 1973 503 2048 hybernaoulo,
519 1974 599 2049 prius
615 1975 746 2034 invocato
761 1971 847 2032 divini
862 1970 987 2032 numidis
1001 1974 1117 2048 auxilio,
1133 1975 1205 2048 legit
1218 1980 1328 2035 textum

156 2078 298 2152 evangelii
312 2077 446 2138 Matthaei
462 2082 498 2136 7:
523 2076 629 2138 Cavete
648 2079 729 2140 uobis
748 2096 766 2138 a
785 2078 1059 2154 pseudoprophetis,
1083 2080 1133 2152 qui
1156 2081 1274 2140 veniunt
1288 2081 1326 2140 ad

155 2199 207 2243 vos
221 2183 252 2240 in
266 2183 443 2243 vestimentis
459 2184 553 2243 orium
568 2189 637 2258 eta,
661 2189 691 2242 et
705 2189 800 2243 textus
816 2185 1028 2244 enarrationem
1043 2191 1210 2258 prosecutus
1226 2191 1279 2258 est,
1297 2190 1326 2245 at

156 2303 320 2364 quanquam
333 2289 438 2362 'prima
455 2293 489 2347 ut
509 2288 668 2364 apparebat
689 2287 762 2348 faeie
781 2290 895 2364 longius
914 2305 932 2348 a
946 2294 1028 2350 textu
1042 2290 1155 2365 digredi
1169 2290 1324 2366 uideretur,

154 2399 253 2454 tumen
274 2395 316 2453 ita
335 2394 519 2454 memoratus
545 2400 602 2469 est,
626 2400 660 2454 ut
682 2411 714 2455 se
734 2401 764 2455 et
784 2396 896 2468 prolixe
920 2400 951 2455 et
974 2397 1100 2456 breviter
1121 2395 1217 2455 dieere
1242 2413 1327 2470 posse

141 2499 325 2560 ostenderet
336 2515 389 2558 nee
404 2501 518 2573 pietatis
533 2505 584 2561 aut
598 2500 758 2560 litterarum
772 2501 891 2576 ignarus
905 2501 1007 2568 haberi
1020 2505 1126 2576 posset.
1165 2495 1328 2562 Christiano

156 2610 186 2665 et
201 2606 284 2665 doato
298 2605 465 2680 religionem
479 2610 722 2693 nostramleontra
737 2622 851 2682 papam,
868 2624 952 2680 quem
972 2608 1141 2674 monaahum
1156 2608 1283 2666 italicum
1298 2613 1328 2666 et

154 2711 264 2771 idolum
279 2715 402 2770 stantem
416 2712 447 2769 in
461 2711 524 2772 loeo
539 2711 760 2771 abominationis
773 2711 968 2785 appellitabat,
984 2711 1146 2772 defensans.
1174 2712 1214 2770 Et
1230 2712 1266 2771 de
1281 2715 1325 2770 in-

155 2817 240 2876 terim
253 2815 303 2874 illo
318 2815 360 2874 ita
373 2817 553 2891 loquebatur,
577 2822 610 2876 ut
623 2814 695 2874 illud
708 2814 792 2875 faede
807 2816 892 2889 quale
907 2816 945 2876 sit
959 2815 1108 2876 dinoscere
1122 2817 1247 2892 doceret,
1271 2817 1323 2876 ad·

89 3004 91 3009 ¹
151 2921 254 2994 Jiuiens
268 2921 323 2981 hoe
338 2923 537 2997 epiphonema:
561 2919 676 2982 Nullius
698 2922 811 2980 esse'in
832 2906 977 2994 potestate
992 2927 1132 2981 creaturae
1151 2939 1240 2982 novos
1255 2923 1325 2981 arti-

155 3028 236 3086 culos
251 3025 319 3087 fidei
333 3027 379 3088 vel
393 3027 517 3087 condere
532 3028 578 3088 vel
593 3028 724 3088 conditos
740 3029 899 3087 immutare.
938 3027 1014 3086 liam
1030 3026 1159 3086 Christus
1181 3027 1326 3102 apostolos

154 3134 233 3207 ipsos
249 3132 341 3192 uoluit
354 3138 442 3193 testes
457 3138 487 3192 et
501 3131 632 3194 doctores
654 3149 753 3194 eorum
772 3151 849 3209 esse,
866 3149 930 3207 quae
946 3133 983 3193 ab
1002 3134 1066 3208 ipso
1081 3131 1196 3192 domino
1211 3130 1327 3192 audive-

156 3242 261 3299 verarit
282 3243 317 3298 et·
333 3239 395 3311 ipse
418 3255 466 3298 eos
489 3239 639 3313 docuerat,
660 3255 717 3298 non
732 3241 980 3314 novarumlegum
995 3238 1166 3298 conditores.
1205 3238 1328 3312 Insuper

146 3329 245 3418 :digito
260 3345 442 3417 monstravit,
464 3347 514 3417 qui
528 3344 559 3403 hi
574 3350 670 3405 essent
682 3346 743 3420 lupi
757 3361 890 3419 rapaees,
906 3359 976 3418 ¹quae
991 3344 1074 3402 honae
1093 3343 1212 3402 arbores
1228 3357 1262 3401 aa
1277 3343 1327 3415 qui

142 3450 296 3509 'malarum
315 3447 434 3508 fruetus.
472 3451 545 3509 Item
565 3449 643 3523 quod
664 3451 725 3511 sola
740 3449 799 3510 fide
817 3452 847 3510 in
863 3449 1006 3511 Christum
1029 3449 1213 3508 salvaremur.
1252 3448 1326 3506 Item

156 3571 243 3630 quam
257 3557 372 3626 sinistre
396 3556 517 3630 papistae
536 3555 685 3616 infernalis
707 3557 840 3617 maeonis
855 3571 980 3630 squamae
994 3553 1080 3613 fidem
1094 3553 1170 3612 hane
1183 3555 1323 3626 interpre-

154 3666 297 3724 tarentur.
335 3661 467 3734 Denique
486 3661 546 3720 sive
570 3667 669 3736 antea,
694 3640 754 3720 sive
773 3666 888 3740 postea,
915 3662 975 3720 sivo
999 3659 1113 3717 interim
1133 3656 1203 3729 quid
1226 3661 1326 3716 oouua

155 3769 326 3842 scripturam
346 3774 376 3826 et
394 3781 492 3827 reram
511 3767 680 3840 religionem
696 3766 830 3826 Sathena
851 3765 974 3824 venatici
989 3779 1074 3822 eanes
1088 3761 1259 3821 molirentur
1269 3769 1325 3821 'nos

154 3873 233 3946 ipsos
247 3869 303 3932 fide
318 3877 348 3931 et
369 3873 464 3946 gratia
479 3871 585 3932 Christi
610 3869 793 3932 obfirmantes
816 3871 965 3944 patrentur,
978 3869 1074 3928 omnia
1089 3866 1196 3928 Christi
1210 3868 1325 3926 nemim

154 3975 332 4052 perferemus
356 3977 427 4035 uerti
447 3991 499 4034 nos
519 3977 606 4036 etiam
620 3976 715 4036 denuo
730 3981 759 4036 et
773 3977 818 4037 his
832 3977 913 4038 uotis
928 3975 1006 4050 apud
1021 3963 1164 4033 Christum
1180 3972 1325 4034 dominum

156 4087 288 4142 nostrum
307 4081 529 4155 triumphatores
550 4081 686 4156 existere,
710 4083 795 4142 modo
815 4084 845 4142 in
859 4083 922 4159 ejus
937 4079 1115 4141 confessione
1129 4079 1324 4154 persistemus.

142 4187 240 4262 ¹Quod
255 4187 383 4248 nubis'et
396 4187 497 4262 largiri
511 4191 540 4245 et
554 4201 606 4246 nos
622 4203 793 4248 conservare
807 4188 939 4263 dignetur
954 4185 1085 4246 Christus
1098 4183 1117 4244 J
1119 4199 1193 4244 esus.
1222 4183 1323 4243 Amen.

244 4293 376 4353 Eundem
397 4293 563 4353 donavimus
583 4293 690 4367 scripto
705 4293 831 4368 Philippi
845 4291 1050 4368 Melanthouis,
1072 4290 1142 4366 quid
1155 4289 1198 4348 illi
1211 4289 1323 4350 videre·

154 4405 204 4458 tur
219 4396 256 4458 de
270 4397 454 4480 interluente
466 4398 596 4474 interim,
613 4403 643 4458 et
656 4400 807 4475 peuuniam
822 4398 861 4460 ad
877 4396 1105 4474 locupletandam
1121 4393 1325 4468 supellectilem

153 4502 294 4568 librorum
307 4503 445 4576 impertiti
459 4519 565 4564 sumus.
