3046 5104
699 425 742 490 el

122 623 198 681 gans
214 613 248 664 ut
264 607 311 668 vel
325 608 433 688 aliquo,
444 623 496 670 nos
511 621 656 684 ‘responso
678 605 859 684 dignaretur,
882 611 906 668 si
920 607 993 670 iortc
1015 615 1167 686 antequam
1183 613 1238 686 ipsi
1253 625 1299 672 re·

124 716 308 778 verteremur
324 713 475 786 episcopus
490 713 529 771 ed
543 713 718 772 mansionem
734 728 814 772 suam
824 713 944 774 veniret.
968 713 1079 774 Aderat
1095 722 1125 775 et
1138 717 1299 791 inauspica-

124 817 356 881 tnsMalvendn.
397 815 584 879 Wendelinns
605 819 759 891 assumptis
782 816 919 878 frutribus
943 821 1049 878 uostris
1063 824 1178 878 tentore
1200 821 1300 894 voluit,

124 939 163 982 sn
178 923 272 996 possit
288 922 344 980 illis
360 919 481 980 facultas
497 917 680 982 archiducem
697 915 861 994 mandendi
875 923 1032 998 obtingere,
1056 930 1088 982 at
1109 923 1179 982 nihil
1195 919 1298 984 evenit.

215 1029 244 1085 A
260 1025 380 1100 prandio
402 1025 558 1098 hospitium
573 1027 773 1086 Atrebatcnsis
793 1030 991 1102 repetivimus,
1021 1031 1069 1102 qui
1084 1030 1114 1088 in
1128 1029 1213 1089 horto
1236 1043 1299 1088 cum

125 1133 262 1208 nymphis
284 1129 494 1192 demenehut.
539 1131 608 1190 Post
635 1131 768 1205 pusillum
792 1135 928 1206 temporis
951 1120 1104 1208 germanus
1125 1136 1186 1208 ejus
1210 1131 1300 1194 irater

125 1239 206 1296 verrit
222 1237 328 1309 etipse
343 1234 594 1309 hortamintrans,
610 1237 763 1310 statimque
780 1253 928 1312 reversus,
954 1254 1037 1312 quem
1052 1253 1118 1298 mox
1133 1239 1300 1310 subsecutus

125 1323 278 1402 est'irnter
294 1331 454 1421 episcopus.
495 1341 581 1414 anm
597 1344 760 1416 conspectui
776 1359 837 1402 cum
855 1359 909 1402 nos
923 1333 1123 1404 exhiberemus
1138 1346 1191 1403 ait:
1216 1343 1300 1403 (iorte

123 1447 221 1506 adhuc
241 1445 312 1522 nihil
336 1447 418 1520 potui
441 1444 581 1506 Caesareae
603 1447 748 1520 majestati
771 1447 889 1508 referre.
913 1480 918 1488 ι
935 1448 1063 1522 Rogatus
1083 1450 1170 1522 igihrr
1190 1455 1247 1522 est,
1268 1454 1300 1506 ut

124 1553 250 1627 quaesita
265 1550 381 1611 undem
396 1552 610 1626 opportunitate
627 1565 678 1610 nos
699 1551 910 1612 commendatos
932 1552 1038 1612 habere
1054 1553 1130 1613 velit.
1170 1552 1253 1624 Quod
1269 1570 1299 1611 se

124 1655 412 1730 iacturumreeepit,
437 1655 486 1714 sed
507 1654 564 1714 tide
588 1658 632 1732 (nt
647 1657 715 1716 mihi
731 1655 842 1728 videor)
863 1656 964 1716 salica.
1004 1657 1043 1716 m
1056 1655 1120 1716 'hee
1143 1658 1226 1730 hujus
1243 1658 1299 1716 diei

126 1761 315 1841 catastrophe
331 1765 402 1820 erat.
989 1747 991 1756 ’
1237 1819 1240 1826 ,

218 1864 336 1924 Interim
358 1871 453 1924 eutem
478 1867 662 1940 cognovimus
685 1872 752 1926 ente
773 1866 834 1925 dios
857 1866 1016 1940 complures
1036 1869 1150 1924 censam
1174 1866 1300 1940 Phihppi

124 1973 240 2035 comitis
256 1987 274 2030 a
288 1971 409 2030 Nessum
429 1977 459 2030 et
479 1977 605 2032 nostram
615 1971 795 2046 imperatori
810 1971 967 2044 expositam
983 1985 1053 2030 esse.
1091 1969 1154 2029 Sed
1163 1969 1225 2029 haec
1239 1987 1299 2030 mc·

125 2079 204 2138 teria
227 2092 292 2156 ,non
317 2074 400 2136 facile
432 2075 584 2136 resolvitur
614 2077 668 2136 nisi
696 2081 819 2150 patrono
845 2091 975 2151 nummo,
1007 2091 1059 2134 neo
1084 2073 1217 2134 ahalaria
1238 2076 1300 2135 haec

124 2199 175 2242 res
189 2187 244 2242 est.
292 2213 294 2218 ·
407 2185 410 2190 '
593 2186 595 2190 '
654 2177 658 2184 ’
1273 2237 1277 2246 ,

219 2287 324 2358 Frater
343 2286 543 2348 Atrebateusis
571 2283 684 2348 nomine
714 2287 835 2348 hstrun
864 2295 1039 2361 nostrorum,
1070 2288 1234 2361 quibuscum
1259 2286 1298 2346 illi

124 2393 297 2452 Wornratiae
317 2391 440 2452 noticia·
450 2392 584 2466 contigit,
605 2399 638 2452 nt
657 2401 783 2454 cosham
799 2409 913 2454 oausam
928 2393 1005 2467 apud
1020 2393 1238 2452 Atrebatensem
1251 2393 1298 2465 juss

127 2501 221 2572 voret,
245 2513 298 2572 per
313 2495 457 2557 Eubulum
472 2493 590 2571 rogatus
604 2483 658 2556 est.
697 2498 846 2560 Pollicitus
862 2505 892 2558 ct
906 2497 952 2556 hic
968 2503 1012 2563 est
1025 2502 1137 2560 montes
1153 2513 1255 2558 aureos
1271 2505 1300 2557 et

127 2621 180 2664 nos
192 2617 298 2663 omues
314 2604 383 2664 data
397 2603 516 2663 dextera
532 2585 676 2662 salutavit

137 2745 141 2750 ι
216 2707 327 2769 Eadem
344 2709 375 2768 in
390 2713 474 2768 nocte
488 2707 548 2766 lixa
563 2705 677 2781 quidam
693 2708 852 2775 consularis
867 2708 1005 2781 Augustae
1014 2707 1197 2771 ,obedestine
1212 2708 1300 2768 inter·

125 2821 241 2892 emptus
263 2821 316 2874 est.
364 2813 503 2873 Dominus
519 2813 556 2874 de
571 2813 739 2874 Emmerseil
761 2811 882 2872 Gesseris
903 2812 996 2871 aulem
1016 2812 1199 2884 subsecutus,
1227 2813 1299 2872 Bra·

124 2922 272 2995 bantinus,
289 2919 429 2995 Augusta
443 2919 573 2998 moritur¹

217 3025 294 3088 Dido
319 3025 355 3086 de
382 3025 568 3098 Knicphnsen
602 3041 658 3098 qao
681 3024 802 3097 Vighum
826 3026 855 3081 in
876 3005 930 3100 sao'
954 3024 1073 3096 negotio,
1092 3022 1300 3110 vigilantiorem

124 3131 272 3206 redderet,
295 3132 351 3206 ipsi
365 3109 474 3205 potem
483 3129 623 3190 deaurato
637 3129 802 3203 octuaginta
816 3124 991 3187 florenorum
1011 3125 1121 3186 libavit.
1303 3196 1305 3200 ¹

217 3238 359 3296 Ernestus
378 3236 436 3296 dux
461 3236 652 3308 renunciavit,
677 3250 709 3296 se
732 3234 869 3294 bonanus
892 3234 977 3308 apud*
991 3234 1142 3294 electorem
1162 3233 1192 3292 in
1214 3248 1300 3291 cauas

128 3348 232 3404 nosue
254 3341 326 3400 nihil
346 3339 481 3412 effecisse.
530 3339 638 3400 Eadem
662 3339 700 3400 ad
723 3339 926 3409 Balthasarnnr
939 3339 1114 3414 Gultlingum
1136 3338 1298 3414 perscripsi.

125 3447 231 3508 Comes
245 3446 389 3506 Antonius
404 3446 441 3506 ab
457 3445 624 3520 Eisenburg
635 3445 761 3506 nondum
777 3429 945 3519 ingratiam
962 3445 1084 3506 Caesaris
1099 3450 1230 3518 receptus
1247 3449 1298 3504 est.

163 3617 166 3621 ,
216 3545 342 3624 xv'maji
363 3553 394 3610 in
417 3551 524 3626 templo
539 3551 684 3612 Minorem
701 3549 727 3609 d.
744 3549 915 3610 Leonerdus
938 3568 974 3611 ex
995 3551 1177 3624 evangelistis
1201 3566 1300 3609 rursus

125 3655 330 3731 decommodo
349 3661 380 3716 et
398 3633 495 3716 huma
515 3657 689 3716 ascensionis
705 3655 853 3715 dominicae
873 3633 1017 3716 disseruit·
1029 3661 1058 3714 et
1073 3656 1248 3728 potissimum
1265 3655 1300 3714 da

126 3758 333 3822 articulofidei
348 3765 468 3845 nostroe:
491 3760 630 3827 Ascendit
652 3761 690 3820 sd
713 3761 817 3839 coelos,
840 3759 921 3824 sedet
940 3760 977 3820 ad
993 3761 1123 3818 dextram
1141 3759 1196 3818 Dei
1211 3761 1300 3844 patris

127 3867 332 3940 omnipotentis
346 3872 399 3926 etc.
424 3866 597 3928 Has-autem
611 3867 684 3926 duas
698 3867 864 3938 sententias,
885 3865 991 3926 «Dedit
1005 3865 1081 3924 dona
1095 3864 1257 3924 hominibus
1272 3873 1301 3926 et

126 3973 267 4049 praeeepit
281 3975 323 4032 eis
339 3987 376 4032 ne
390 3973 428 4032 ab
444 3972 651 4044 Hierosolymis
667 3969 862 4042 discederent,
888 3970 979 4040 donec
993 3972 1099 4029 virtute
1114 3969 1301 4055 induerentur

126 4097 164 4140 ex
178 4081 258 4140 alto»
276 4080 453 4154 potissimum
463 4077 594 4152 urgebat,
606 4075 832 4149 indicansquam
841 4074 911 4134 nihil
925 4075 993 4163 boni
1003 4065 1041 4133 ex*
1054 4075 1136 4134 nobis
1151 4077 1220 4148 ipsis
1236 4093 1302 4150 pro·

127 4187 245 4247 veniat·
258 4183 417 4244 Proiercns
434 4182 591 4262 exemplum
608 4181 703 4254 Petri,
726 4163 774 4254 ehi
790 4182 862 4241 adeo
878 4179 994 4241 timidus
1009 4179 1104 4254 inerit,
1122 4160 1154 4238 ut
1166 4181 1221 4240 sub
1235 4197 1300 4254 pas·

126 4293 209 4352 sione
226 4290 334 4350 domini
355 4303 424 4347 voce
445 4290 532 4358 etjam
546 4286 721 4346 mulierculae
736 4287 855 4345 territus
871 4285 1226 4360 cnutumhbnegavcrit,
1243 4293 1301 4345 ete

127 4403 248 4470 contra,
272 4399 397 4468 quantus
417 4391 505 4456 fuerit
528 4393 613 4466 hujus
629 4379 752 4465 apostoli
767 4389 853 4450 ardor
868 4392 897 4448 in
913 4389 1041 4465 Christo,
1068 4382 1132 4450 cum
1147 4394 1252 4450 virtute
1266 4406 1302 4450 ex

125 4503 188 4563 alto
203 4500 321 4560 indutus
336 4505 421 4573 esset,
437 4501 478 4560 ite
494 4506 599 4558 utnon
615 4497 705 4558 solum
721 4497 902 4570 negationem
919 4511 998 4576 suem
1019 4495 1227 4570 deploraverit,
1252 4495 1303 4554 sed
