3020 5112
732 404 795 470 188

178 589 271 648 minus
286 587 419 663 precihus
434 585 574 658 instabat,
591 583 768 659 signihcms,
791 602 844 645 nos
859 601 943 644 omne
958 603 997 646 aes
1014 585 1210 646 nostrumhic
1220 588 1348 662 insump-

177 695 251 754 sisse
273 693 400 766 nihilque
422 691 500 750 ultre
521 692 708 764 pecuniarum
731 691 777 750 vel
799 691 829 748 in
851 682 923 748 zona
946 707 1008 750 esse
1029 692 1075 750 rel
1095 691 1211 752 aliunde
1225 691 1350 750 'corradi

178 813 287 871 posse·
302 798 423 869 Insuper
438 800 467 856 et
482 811 571 868 equos
587 795 732 854 venditum
748 796 794 854 iri.
825 795 936 854 Praesul
951 798 1006 854 etsi
1024 813 1086 856 rem
1107 789 1283 856 detrectaret
1301 799 1348 854 ta·

178 918 244 960 men
259 903 403 976 precantis
418 901 634 974 importmritate
649 900 740 958 victus
762 900 816 973 ait,
838 899 885 958 abi
906 906 936 958 ct
955 884 1026 960 uoce
1048 901 1194 959 dominum
1214 906 1296 959 tuum
1315 904 1350 958 ut

178 1017 265 1080 quam
280 1008 412 1066 ocissime
424 1022 470 1064 me
486 1005 677 1078 subsequatur
692 1005 722 1061 in
737 1003 873 1077 palatium
889 1006 1014 1064 caesaris.
1039 1006 1173 1066 Liberius
1185 1006 1274 1078 igitur
1289 1019 1350 1062 non

178 1113 299 1186 impigre
315 1111 449 1183 cucurrit,
466 1125 510 1168 me
525 1109 580 1168 hac
593 1108 641 1168 die
657 1109 728 1167 nihil
742 1109 835 1167 minus
851 1111 1026 1183 cogitantem
1039 1111 1184 1183 accersiit,
1194 1125 1255 1168 -nec
1269 1111 1347 1182 ipse-

177 1221 237 1274 met
251 1233 304 1289 ego
319 1215 517 1276 contabundus
532 1218 649 1285 arrepta
663 1215 761 1272 tunica
774 1214 912 1272 volociter
925 1214 957 1271 in
971 1215 1108 1286 palatium
1117 1213 1259 1273 contendi.
1283 1213 1348 1284 Quo

178 1335 242 1378 eum
257 1325 372 1380 ventum
387 1323 445 1391 est,
467 1320 607 1392 posticum
621 1318 762 1378 intrantes
777 1317 884 1392 medus
900 1319 1008 1392 aliquot
1022 1319 1254 1391 conscendimus,
1277 1317 1348 1376 Pin·

177 1425 324 1498 zingerum
346 1426 377 1482 in
391 1424 563 1482 ambulacro
590 1423 686 1482 cubito
705 1423 817 1490 harere
840 1424 1006 1497 conspicati.
1043 1423 1133 1482 Hune
1149 1437 1219 1496 ergo
1240 1423 1347 1481 Florus

177 1529 254 1588 illico
270 1529 408 1588 accedens
423 1527 612 1601 interrogavit
626 1527 662 1586 de
677 1529 757 1596 aditu
771 1520 809 1586 ad
823 1527 991 1602 praesulem:
1008 1528 1036 1586 Is
1047 1528 1131 1601 jubet
1145 1532 1177 1585 ut
1192 1529 1223 1586 in
1237 1526 1344 1600 hyber-

178 1634 324 1704 nocuum,
348 1632 455 1705 quod-e
471 1633 589 1706 regione
604 1632 698 1690 nocui
717 1637 793 1706 erat,
814 1633 995 1708 miseremus.
1026 1633 1150 1692 danuam
1170 1633 1259 1705 igitur
1279 1631 1345 1704 pul·

178 1738 306 1798 sentibus
330 1738 422 1810 primo
449 1738 583 1798 ostiarius
605 1737 724 1796 introitu
748 1753 799 1796 nos
820 1738 977 1812 prohibuit.
1017 1737 1227 1810 Superveniens
1249 1741 1346 1794 antem

176 1844 275 1902 senior
289 1843 404 1915 quidem
418 1843 554 1900 ostiarius
567 1859 625 1902 non
639 1841 730 1900 solum
744 1843 775 1900 in
789 1833 845 1902 hoc
858 1825 1082 1916 hybernaculum
1097 1841 1192 1926 sedet
1211 1841 1241 1898 in
1265 1839 1347 1898 aliud

177 1963 303 2022 queque,
326 1949 409 2020 cuius
421 1947 546 2020 parietes
561 1945 628 2004 huic
642 1947 770 2020 contigui
786 1953 882 2019 crant,
904 1951 934 2006 et
954 1962 1043 2020 usque
1064 1945 1104 2004 ad
1122 1946 1256 2004 atriolum
1277 1951 1346 2004 ante

176 2051 336 2112 cubiculum
351 2052 467 2111 casaris
481 2051 648 2110 introduxit.
677 2052 710 2110 In
725 2052 829 2128 atriolo
843 2051 932 2126 igitur
946 2051 1028 2110 nobis
1043 2049 1279 2124 prestolantibus
1291 2067 1344 2108 eu-

176 2157 225 2214 lici
245 2172 378 2230 proceres
398 2155 539 2230 adrepcre
558 2161 716 2230 coeperunt
747 2155 820 2214 Post
839 2155 927 2216 breue
944 2156 1082 2230 temporis
1101 2155 1228 2228 spacium
1247 2157 1347 2214 senior

177 2261 226 2320 ille
242 2261 445 2334 cubicularius,
469 2261 586 2332 quinos
602 2275 635 2318 eo
650 2259 863 2334 introduxerat,
887 2275 904 2318 e
919 2261 1007 2320 cubili
1022 2260 1137 2318 caesaris
1152 2260 1268 2328 rediens
1288 2261 1341 2332 ait,

177 2365 527 2436 Atrebatensemquidem
541 2365 617 2423 intro
632 2365 710 2437 apud
724 2381 860 2427 cesarem
876 2381 952 2438 esse,
975 2343 1075 2423 verum
1094 2361 1246 2437 cosmam,
1270 2381 1344 2424 non-

179 2471 248 2530 dum
263 2469 388 2528 vestibus
403 2467 543 2529 indutum.
580 2468 696 2528 Interea
710 2469 839 2528 Eubulus
854 2469 909 2528 deo
922 2475 954 2528 et
973 2460 1145 2543 cogitatione
1165 2473 1195 2528 et
1214 2469 1346 2527 oratione

178 2574 588 2647 negociumomneqommisit.
624 2573 751 2632 Tandem
769 2573 946 2646 Papenheim
965 2573 1132 2632 monoculus
1153 2573 1347 2632 marschalcus

177 2679 291 2752 imperii
304 2677 428 2738 aduenit.
459 2679 488 2736 Is
504 2695 540 2737 ex
554 2679 641 2738 Floro
656 2679 814 2742 sciscitatus
830 2685 886 2752 est,
912 2679 1042 2752 quisnam
1057 2683 1134 2736 esset
1155 2677 1214 2734 illic
1234 2675 1272 2734 ed
1294 2693 1344 2736 oa-

178 2785 285 2842 minan
300 2788 407 2844 amaru.
445 2781 548 2842 Florus
562 2757 712 2858 respondit
731 2799 794 2842 esse
814 2783 988 2844 Wohodum·
1004 2783 1136 2840 comitem
1155 2797 1174 2840 a
1194 2780 1346 2839 Waldeck.

178 2887 303 2946 Rursum
317 2887 508 2948 marschalcus
519 2885 596 2948 infit:
619 2889 710 2946 Estne
724 2889 771 2946 hie
784 2869 953 2962 somes'ille,
970 2887 1020 2960 qui
1035 2902 1066 2946 se
1081 2886 1118 2944 ad
1128 2885 1348 2958 caessrisgenua

178 2992 381 3067 provolutums
396 2991 461 3051 est?
484 2989 687 3067 Respondente
701 2993 803 3052 Floro:
827 2993 888 3053 Imo
903 2994 928 3052 is
943 2997 1002 3064 ost,
1017 2989 1202 3064 ¹Papenheim
1224 3005 1277 3048 nos
1298 3004 1345 3047 sa·

178 3086 273 3156 lutens
295 3099 349 3157 ait:
373 3078 508 3172 Domine,
529 3098 584 3158 tibi
602 3097 746 3156 machara
765 3096 938 3170 deponenda
957 3101 1015 3154 est:
1041 3096 1071 3154 Si
1085 3111 1159 3169 puer
1173 3093 1277 3166 aliquis
1293 3091 1346 3150 ad-

178 3202 262 3275 essct,
280 3203 329 3274 qni
345 3219 408 3260 eam
422 3204 475 3262 tibi
491 3205 661 3272 asservaret.
687 3181 736 3260 ‘Aa
749 3203 811 3274 ipse
826 3189 1032 3274 narsehalcu's,
1055 3207 1088 3259 ut
1109 3205 1153 3258 est
1173 3197 1257 3256 homo
1277 3213 1348 3256 uere

178 3308 285 3378 probus
299 3313 330 3364 et
344 3306 523 3390 simplicioris
538 3306 660 3380 ingenii,
675 3305 835 3366 Adranam
850 3312 979 3366 nostrum
993 3305 1114 3364 accessit
1129 3303 1219 3363 soilli
1234 3301 1345 3376 gladio-

177 3411 238 3470 lum
252 3410 387 3482 tradidit,
411 3427 599 3482 reversusque
612 3391 652 3468 ‘ad
667 3425 733 3482 nos,
755 3411 857 3483 quibus
873 3411 1051 3471 caeremoniis
1066 3426 1118 3468 nos
1133 3407 1171 3468 ad
1185 3423 1279 3480 genua
1294 3405 1345 3464 de-

178 3515 364 3588 mitteremus,
382 3514 489 3602 docuit,
504 3515 608 3587 jubens
618 3512 764 3574 facicmad
779 3521 886 3574 terram
895 3532 1015 3590 pronam
1027 3501 1171 3586 haberem,
1188 3512 1279 3572 donec
1292 3512 1346 3576 im·

177 3621 363 3694 pcratoripse
371 3620 644 3693 meadmejcstatcm
654 3597 880 3680 suamacoedere
888 3610 1011 3694 juberet.
1037 3620 1228 3691 Quamobrem
1236 3617 1347 3690 gratias

178 3724 220 3782 illi
231 3741 319 3798 agens
333 3743 387 3798 pro
401 3727 455 3786 hac
467 3723 669 3784 informatione
680 3726 854 3803 et‘quodrne
865 3725 1004 3784 hacteuus
1014 3725 1179 3807 inqhospitic
1190 3723 1345 3796 impertur-

177 3807 275 3887 batum
290 3831 453 3904 reliquisset
468 3829 546 3905 (nam
560 3829 752 3902 hospitiorum
766 3829 896 3889 ordinum
911 3830 1162 3904 imperiisnetetor
1177 3825 1243 3902 est).
1257 3827 1348 3884 'Erat

177 3935 274 3992 autem
288 3931 349 4016 fere
364 3932 482 3991 decima.
513 3934 599 3992 Venit
613 3935 728 4016 tandem
751 3934 945 4008 Schaumberg
965 3933 1036 3992 baro
1056 3939 1085 3991 et
1105 3937 1213 4004 praetor
1234 3930 1346 4004 palatii,

177 4038 246 4096 item
260 4037 425 4111 capitaneus
441 4036 637 4104 excubitorum
652 4039 768 4098 caesaris
792 4037 922 4097 dominus
946 4037 981 4097 de
1004 4023 1182 4110 chting'en,
1196 4040 1225 4094 st
1247 4036 1346 4107 plures

177 4141 245 4200 ltsli
265 4146 300 4200 et
313 4141 390 4200 Iberi
412 4143 530 4215 caesarei
549 4145 800 4218 anteambulones',
823 4159 876 4202 nec
895 4143 997 4202 aberat
1018 4144 1123 4202 Petrus
1142 4158 1160 4200 a
1178 4136 1345 4211 Malianda,

177 4246 228 4318 qui
244 4244 366 4318 obliquis
382 4248 470 4308 oculis
484 4265 536 4308 nos
551 4229 671 4310 intuitus
684 4249 784 4334 scdulo
799 4249 864 4307 risit
882 4253 914 4308 et
931 4247 996 4306 'lere
1019 4247 1109 4320 digito
1132 4225 1344 4317 demonstrans,

133 4381 136 4388 ·
176 4351 260 4430 quasi
274 4351 393 4411 diceret:
418 4353 481 4412 Hoc
497 4360 541 4413 est
556 4355 634 4429 quod
649 4352 847 4412 desiderabam
854 4347 874 4428 ,³
886 4354 954 4427 quia
968 4353 1050 4426 pejus
1066 4349 1160 4410 facere
1180 4347 1265 4408 medo
1285 4358 1346 4408 non

158 4448 302 4530 'possum
333 4457 430 4520 Ilebct
444 4437 540 4518 autem
556 4473 646 4518 casser
661 4463 780 4532 paruum
795 4457 1018 4532 lnybc'rnaculum
1042 4455 1170 4516 cubiculo
1190 4469 1242 4514 sno
1260 4454 1344 4526 june-
