3046 5104
774 413 837 486 tto

218 606 332 666 vocavit
353 619 402 664 eos
422 609 452 662 et
467 598 635 677 justificavit
649 607 703 662 etc.
736 601 799 660 Sed
819 601 863 660 uit
874 599 1040 673 Masculus,
1065 602 1116 674 qui
1130 601 1223 660 locum
1237 594 1315 658 hunc
1327 599 1394 660 τῶν

220 711 317 798 ῥητῶν
332 711 462 782 respicit,
485 707 570 766 facile
588 707 737 780 intelligit,
758 706 806 764 hic
821 705 965 765 Christum
987 706 1023 765 do
1043 705 1180 778 peculiari
1194 705 1347 762 vocatione
1363 707 1395 760 ct

219 817 358 875 electione
373 813 567 888 apostolorum
582 813 675 885 loqui,
701 827 772 884 quos
787 811 817 868 iu
832 809 887 868 hoo
902 809 990 882 elegit
1005 815 1035 868 et
1048 809 1206 881 constituit,
1221 813 1255 868 ut
1268 822 1395 880 evange·

218 923 288 980 lium
302 920 520 990 annunciarent,
537 898 615 989 duod
629 922 658 975 ct
672 916 817 974 indicatur
831 913 920 972 verbo
936 915 1018 972 eatis.
1050 913 1205 986 Apostolus
1221 913 1299 972 enim
1312 912 1394 984 lega·

218 1030 266 1083 tus
280 1026 340 1084 sive
355 1024 477 1084 nuncius
493 1021 606 1084 dicitur.
642 1021 681 1078 Et
694 1018 741 1078 hic
755 1033 856 1077 rursus
871 1016 1080 1076 consideranda
1099 1023 1142 1076 est
1157 1017 1272 1076 bonitas
1287 1016 1394 1074 summi

220 1135 251 1189 et
263 1129 378 1188 maximi
392 1127 462 1199 Dei,
485 1128 534 1198 qui
548 1123 694 1198 apostolos
717 1124 789 1182 nihil
811 1121 1066 1196 taleaffectantes,
1090 1121 1163 1180 nihil
1177 1125 1340 1194 quaerentes
1355 1118 1394 1178 de

220 1236 347 1306 gratuita
368 1247 420 1288 sua
439 1229 636 1288 misericordia
655 1228 693 1288 ad
715 1229 769 1288 hoo
789 1227 915 1286 muneris
938 1231 968 1284 et
982 1231 1093 1286 tantam
1108 1225 1277 1299 dignitatem
1292 1225 1392 1298 elegit.

219 1336 348 1395 Ulterius
364 1338 459 1394 autem
466 1333 614 1390 Masculus
630 1333 773 1392 dominam
787 1331 835 1390 hic
848 1331 929 1403 loqui
944 1330 979 1390 de
996 1331 1136 1390 electione
1151 1345 1259 1402 eorum,
1276 1329 1313 1388 de
1329 1331 1394 1400 qui·

219 1441 273 1500 hus
282 1440 390 1498 Paulus
405 1436 649 1508 dicit»Quosdam
664 1441 760 1496 autem
773 1435 929 1508 apostolos
941 1435 1081 1506 quosdam
1096 1435 1307 1512 evaugchstas‹
1325 1438 1393 1506 etc,

221 1545 270 1616 qui
284 1547 403 1602 vocante
419 1547 449 1600 at
462 1545 584 1614 urgente
606 1541 659 1599 deo
680 1541 750 1612 ipsis
771 1539 868 1598 invitis
889 1538 1068 1611 avangehum
1092 1540 1268 1598 annunciare
1287 1552 1394 1596 uocan-

222 1653 280 1706 tur„
304 1647 379 1719 Non,
395 1647 495 1718 inquit,
513 1647 562 1717 qui
576 1649 693 1716 accepta
708 1645 829 1719 pecunia
844 1653 997 1702 accurrunt
1011 1659 1046 1701 ac
1058 1660 1159 1702 manus
1174 1648 1321 1716 unguento
1337 1659 1394 1700 un-

222 1756 337 1825 guntur,
352 1755 386 1808 nt
400 1751 474 1810 bene
489 1752 527 1807 sit
541 1751 634 1808 ventri
644 1756 697 1808 etc.
715 1748 751 1808 dc
767 1749 870 1820 quibus
884 1747 1028 1819 propheta
1040 1748 1095 1805 ait:
1112 1747 1274 1806 Currebaut
1289 1751 1319 1804 at
1333 1761 1394 1804 non

223 1855 376 1915 mittebant
391 1871 449 1914 eos
474 1853 525 1912 Ait
539 1856 608 1912 item
622 1852 697 1912 hanc
712 1853 880 1918 electionem
900 1852 987 1910 etiarn
1006 1851 1044 1909 ad
1059 1867 1111 1910 nos
1128 1857 1238 1910 ceteros
1253 1849 1395 1925 applicari

222 1975 320 2034 posse,
341 1975 405 2018 cum
421 1957 491 2032 deus
513 1975 566 2017 nos
588 1963 742 2028 autequam
765 1958 852 2018 etiam
874 1956 1091 2029 expetierimus,
1116 1961 1270 2028 antequam
1286 1954 1395 2014 dehoc

222 2065 448 2138 cogitaverimus,
465 2063 500 2122 de
510 2079 589 2121 mera
598 2078 650 2120 sua
662 2062 790 2120 bonitate
801 2064 831 2118 et
845 2061 932 2119 etiam
946 2063 1117 2135 anteaquam
1132 2061 1194 2119 nati
1209 2075 1345 2134 essemuS,
1361 2059 1394 2117 in
1487 2087 1491 2093 -

224 2169 337 2228 Christo
353 2169 482 2241 elegerit.
505 2167 621 2226 lustum
635 2166 723 2239 igitur
738 2169 767 2224 et
781 2181 895 2237 aequum
910 2181 986 2240 essa,
1010 2169 1043 2222 ut
1056 2165 1157 2238 ipsiin
1171 2167 1248 2222 omni
1262 2165 1327 2223 loco
1342 2162 1395 2222 do·

221 2273 386 2332 minationis
407 2287 466 2328 suoe
490 2272 598 2343 gratias
613 2270 655 2340 ,de
675 2271 763 2328 tantis
783 2267 929 2328 beneficiis
949 2285 1080 2344 agamus,
1101 2275 1134 2328 ut
1156 2285 1325 2328 consensum
1339 2284 1393 2328 no·

221 2380 312 2434 strmn
334 2377 365 2434 in
385 2375 565 2432 dilectionem
586 2379 616 2432 et
630 2374 840 2432 observantiam
855 2372 960 2432 Christi
982 2379 1193 2447 praceptorum
1207 2373 1316 2447 domuc,
1340 2371 1392 2432 ad·

221 2479 327 2538 ducens
341 2479 397 2538 huc
412 2495 449 2538 ex
469 2477 685 2536 deuteronomio
699 2478 802 2537 Mosen
827 2483 1035 2538 contestantem
1051 2480 1200 2554 populum:
1224 2479 1325 2536 Testes
1340 2492 1393 2536 vos

220 2585 277 2656 ipsi
292 2584 378 2642 hodie
394 2584 471 2656 eatis,
487 2581 565 2656 quod
580 2582 725 2654 elegeritis
742 2583 888 2642 dominum
903 2589 956 2642 etc.
993 2583 1040 2643 Sic
1056 2589 1091 2642 ct
1100 2599 1153 2642 nos
1168 2599 1317 2654 monemur
1332 2597 1393 2640 me·

222 2685 350 2760 minisse,
371 2703 422 2745 nos
438 2702 606 2746 consensum
625 2689 656 2746 in
676 2689 856 2748 dilectionem
871 2662 978 2746 donnini
997 2687 1109 2746 dedisse
1124 2703 1218 2759 neque
1232 2702 1395 2760 unquama

223 2793 336 2850 domino
352 2793 406 2852 deo
421 2796 519 2850 nostro
534 2808 587 2850 nos
600 2793 745 2866 ,repedare
761 2793 866 2852 dehere
881 2798 935 2852 etc,
951 2797 984 2850 ut
997 2790 1099 2865 feratis
1113 2787 1238 2850 fructum
1254 2790 1315 2850 etc.'
1330 2791 1395 2850 Hoc

223 2903 267 2956 est
280 2912 382 2955 munus
397 2897 584 2969 apostolicum
599 2903 632 2956 ut
646 2898 733 2957 verbo
746 2897 884 2972 populum
906 2897 944 2954 ad
960 2895 1105 2956 Christum
1129 2895 1258 2954 alliciant
1271 2901 1302 2954 et
1315 2878 1393 2953 fruc-

222 3008 269 3062 tus
284 3019 404 3077 operum
422 3003 571 3062 charitatis
590 3002 621 3060 in
644 2987 827 3068 observantia
844 3004 1053 3074 praceptorum
1076 2999 1182 3060 Christi
1197 2999 1333 3074 afferant,
1356 2999 1395 3060 'ne

222 3107 354 3166 laborent
368 3106 398 3164 in
412 3122 516 3164 vanum
531 3111 585 3164 ctc.
623 3106 680 3164 Hie
701 3107 797 3174 multis
812 3105 947 3176 ostendit,
971 3105 1114 3177 quomodo
1129 3102 1239 3164 fructus
1248 3104 1394 3178 'apostoli-

222 3227 264 3270 cae
280 3211 418 3269 doetrinae
433 3227 452 3268 a
465 3217 592 3282 tempore
615 3209 828 3282 praedicationis
851 3207 959 3266 Christi
977 3225 1068 3280 usquc
1087 3211 1118 3266 in
1132 3209 1304 3292 hodiernum
1318 3210 1396 3269 diem

224 3316 278 3374 suh
291 3319 335 3380 tot
348 3313 610 3386 persecutionibus,
634 3313 710 3372 inter
725 3318 769 3372 tot
782 3313 1177 3387 tyrannustrihulationes
1193 3331 1233 3382 ac,
1241 3315 1394 3396 haeretico·

224 3435 288 3478 rum
304 3433 417 3476 errores
432 3419 649 3490 permanserint.
687 3418 763 3476 Nam
777 3418 859 3490 licet,
875 3417 983 3492 inquit,
1000 3419 1137 3494 ecclesiae,
1153 3419 1396 3492 quihus'apostoli

224 3523 343 3582 verbum
362 3521 629 3595 annunciaverunt„
647 3521 692 3580 ad·
704 3537 776 3594 quos
791 3523 913 3596 Paulus,
934 3523 1053 3598 Petrus,
1075 3525 1199 3584 Jacohus
1222 3530 1253 3582 ct
1265 3524 1396 3588 ,loannes

225 3633 279 3698 etc.
295 3628 435 3702 epistolas
448 3627 634 3701 scripserunt,
650 3625 700 3684 uhi
716 3631 792 3700 sunt,
802 3625 936 3699 ,nunquid
951 3642 1009 3685 non
1024 3629 1076 3688 suh
1091 3629 1279 3708 mahometico
1293 3644 1395 3704 regno,

225 3739 365 3794 attamen
379 3735 455 3810 inter
469 3735 513 3790 tot
527 3747 624 3801 rerum
638 3731 844 3792 vicissitudines
865 3730 974 3792 huotus
997 3735 1169 3805 apostohcus
1184 3735 1278 3794 adhuc
1294 3750 1395 3807 super·

226 3843 278 3896 est.
301 3838 341 3895 Et
356 3836 478 3910 apostoli
488 3836 571 3910 ¹camd
589 3837 620 3894 in
640 3837 760 3896 ecclesia
774 3837 865 3896 Israel
886 3854 957 3911 agro
973 3837 1080 3898 domiui
1095 3839 1264 3910 patriarchae
1280 3843 1312 3898 et
1325 3855 1394 3914 pro·

224 3942 318 4015 phetae
339 3941 515 3999 seminarunt
533 3941 563 3998 in
583 3941 671 4000 verbo
692 3941 812 4016 mmini,
840 3943 908 4002 licet
934 3942 1057 4018 populus
1076 3943 1214 4002 Judaicus
1238 3942 1396 4016 prophetas

225 4045 369 4119 persecuti
388 4046 459 4118 sint,
480 4044 637 4104 occiderint
657 4049 686 4104 et
708 4061 806 4103 eorum
827 4048 944 4106 nomina
964 4047 1061 4106 delere
1076 4048 1172 4106 conati
1185 4048 1257 4120 sint,
1273 4062 1396 4106 messem

224 4148 355 4208 iecerunt
377 4151 406 4208 et
426 4149 457 4206 in
471 4147 606 4207 horreum
621 4149 727 4209 domini
741 4155 935 4224 reportarunt.
975 4151 1117 4210 Tulerunt
1136 4167 1250 4224 quoque
1269 4152 1397 4226 apostoli

227 4255 341 4314 domino
355 4251 478 4312 fructum
494 4269 529 4314 ex
544 4255 690 4330 gentihus,
714 4254 749 4314 de
770 4255 872 4328 quihus
887 4272 983 4316 sumus
998 4271 1066 4330 nos,
1089 4257 1197 4331 iuquit,
1221 4256 1335 4330 etiamsi
1349 4257 1397 4316 hie

225 4375 278 4434 par
296 4339 529 4432 patriarchaset
551 4359 706 4433 prophetas
733 4377 792 4420 non
813 4357 900 4420 fuerit
923 4361 1093 4420 seminatum
1115 4363 1146 4420 in
1167 4360 1254 4420 verbo
1277 4360 1394 4436 domini,

226 4465 348 4537 apostoli
363 4481 477 4537 quoque
499 4463 636 4523 emundo
657 4464 761 4524 sublati
780 4470 862 4538 sunt,
884 4471 913 4526 et
932 4469 1029 4526 umen
1051 4465 1136 4529 hodie
1151 4465 1311 4541 apostolica
1326 4465 1409 4528 dous
