3046 5104
793 421 858 532 1ιο

236 605 354 682 credere
370 604 483 664 christo
498 609 527 662 et
542 619 618 677 am,
642 617 727 676 quam
747 605 771 662 is
786 603 870 662 nobis
879 603 1036 685 revelavit,
1060 603 1152 678 patris
1172 601 1350 662 vonnatem
1364 597 1410 660 ia-

237 727 311 785 cere,
327 716 358 770 et
372 709 450 784 qnod
464 709 542 770 nulla
557 710 595 769 sit
609 707 752 768 invocatio
766 707 838 783 Dei,
861 725 913 770 uec
933 709 1024 768 ullibi·
1038 709 1241 782 exaudiamur,
1263 707 1319 766 nisi
1334 711 1365 766 et
1379 708 1411 766 in

238 821 267 874 et
281 832 334 891 per
349 814 501 874 Christum.
538 812 617 888 Ergo
640 816 670 872 et
683 811 818 874 Judaeum
836 811 945 882 frustra
963 803 1234 885 clanrara'craudo,
1247 811 1329 870 Dens
1344 813 1411 872 coeli

239 927 267 979 et
281 927 377 994 terroe,
398 919 477 980 Deus
491 919 648 992 Abrabam,
671 917 752 986 Isaac
767 925 797 977 at
809 919 909 993 Jacob,
924 921 960 978 ,si
975 937 1033 980 non
1048 920 1189 978 innitatur
1205 916 1328 978 Christo.
1352 919 1412 979 Ubi

238 1039 306 1083 vero
322 1025 359 1084 ad
372 1025 466 1085 locum
481 1024 517 1083 de
532 1023 665 1098 operibus
681 1021 852 1098 devenisset,
868 1025 924 1084 ait:
950 1026 980 1085 Si
995 1025 1130 1100 operibus
1145 1021 1263 1098 gaudes,
1284 1023 1365 1083 Deus
1381 1025 1411 1082 in

237 1128 347 1190 duabus
362 1130 467 1189 tabulis
483 1146 541 1188 non
557 1129 669 1203 quidem
685 1130 849 1204 permagnis
872 1145 960 1202 opera
979 1146 1044 1202 quae
1059 1127 1169 1188 iaceres
1188 1129 1241 1189 tibi
1255 1129 1410 1203 praescrip·

238 1235 284 1306 sit,
301 1234 433 1292 nimirum
445 1239 481 1292 ιιι
495 1235 588 1308 ipsum
610 1235 702 1293 solum
717 1223 829 1304 adores,
848 1229 931 1294 'colas
945 1249 999 1293 nec
1013 1234 1106 1295 Deum
1120 1216 1227 1308 prater
1241 1233 1319 1292 bunc
1333 1234 1409 1298 scias

239 1341 292 1399 etc.
318 1337 409 1397 Crede
424 1339 455 1396 in
465 1317 617 1413 Christum,
628 1337 719 1398 Deum
735 1337 821 1412 dilige
832 1341 861 1396 et
870 1339 1031 1411 proximum
1046 1339 1164 1398 sicutte
1179 1339 1281 1412 ipsam,
1298 1337 1412 1396 etiamsi

221 1425 437 1504 omncsanini
458 1458 560 1502 nervos
573 1443 631 1504 buc
644 1441 814 1516 intenderis,
837 1432 902 1516 plus
924 1445 994 1504 satis
1013 1451 1110 1504 tamen
1131 1459 1251 1530 operum
1271 1441 1410 1515 reperies,

240 1551 353 1620 ettam,
370 1548 395 1604 si
410 1547 462 1606 tibi
476 1553 570 1622 vacat,
586 1563 684 1622 opera,
701 1563 765 1620 quae
780 1563 856 1622 papa
867 1547 960 1622 jubet,
977 1547 1072 1609 facito.
1192 1535 1194 1540 ’
1269 1623 1277 1632 ,

327 1649 450 1711 Domine
465 1653 545 1726 lesu,
565 1653 595 1712 in
610 1657 639 1712 te
653 1650 770 1710 credere
786 1653 866 1712 nobis
881 1651 971 1728 dona,
995 1670 1032 1714 ne
1045 1669 1110 1713 cnm
1124 1651 1230 1712 mundo
1247 1649 1406 1726 despicien-

238 1749 281 1814 tes
296 1754 386 1816 lucam
397 1755 573 1832 judicemur,
598 1757 695 1830 sicque
709 1772 799 1830 opera
814 1762 914 1818 nostra
927 1758 1003 1818 bona
1016 1733 1139 1832 luceant,
1170 1773 1207 1816 ne
1222 1772 1294 1821 cum
1299 1753 1405 1815 lucifu-

238 1860 282 1934 gis
296 1862 545 1934 vespertilionibus
564 1869 593 1922 te
607 1863 699 1922 lucem
714 1866 851 1921 aternam
867 1855 1072 1923 abominemur.
1105 1862 1299 1936 Tamquam,
1317 1861 1411 1954 lucem

238 1965 442 2028 illuminantem
458 1983 571 2042 omnem
584 1953 727 2038 hominem
740 1967 923 2026 venientem·
915 1983 946 2026 m
960 1968 1036 2042 bunc
1049 1951 1196 2042 mnndum,
1211 1967 1256 2026 cui
1271 1982 1336 2026 cum
1350 1982 1403 2040 pa-

240 2065 331 2132 tr'et
302 2078 331 2132 et
346 2089 368 2132 s
385 2074 489 2148 spirito
504 2075 541 2132 sit
555 2074 618 2132 laus
635 2078 664 2132 at
678 2073 793 2146 gloria·
786 2089 816 2130 ιιι
831 2077 1011 2147 perpetuum.
1035 2073 1136 2132 Amen.

328 2177 439 2237 Eadem
462 2178 611 2252 Philippus
636 2182 665 2236 et
683 2171 813 2238 Eubulus
834 2176 914 2253 (nam
934 2177 1094 2236 Joannes'
1085 2195 1117 2236 ιιι
1140 2193 1190 2236 ras
1214 2174 1411 2252 concesserat)

239 2279 459 2341 Atrebatensem
486 2281 657 2357 compellare
676 2282 851 2355 volebamus,
873 2296 973 2340 verum
983 2269 1136 2360 extemplo
1150 2286 1186 2356 ιιι
1197 2298 1250 2342 uos
1264 2280 1338 2340 vidit
1351 2281 1409 2338 ait:

239 2383 304 2443 dam
320 2385 390 2443 nihil
404 2385 484 2446 vobis
500 2402 615 2462 possum
629 2388 814 2462 respondere,
834 2386 893 2446 alio
908 2375 1038 2471 tempore
1057 2387 1242 2447 revertimini.
1290 2385 1412 2459 Hocque

240 2494 304 2548 erat
317 2490 402 2548 unius
417 2489 475 2550 diei
493 2506 612 2565 pensum
627 2491 793 2552 absolvisse.
831 2495 910 2554 Inter
925 2493 1114 2559 sollicitantes
1126 2499 1211 2553 erant
1225 2490 1359 2552 dominus
1374 2491 1412 2552 de
1514 2571 1515 2578 ἵ

240 2573 390 2670 Celtingen
404 2594 524 2670 etlegat
524 2611 557 2655 us
573 2596 652 2658 ducis
668 2596 821 2672 Ferraria,
846 2597 953 2658 bomo
945 2615 975 2656 m
990 2597 1114 2684 speciem
1135 2592 1232 2672 magni
1240 2598 1364 2672 ingenii.
1411 2635 1412 2638 =
1514 2587 1515 2632 t

328 2698 438 2758 Eadem
453 2700 572 2760 Carolus
587 2719 605 2761 a
621 2701 753 2761 Stockem
768 2701 915 2762 nobiscum
929 2719 1051 2778 pransus
1067 2708 1120 2775 est.

328 2803 404 2863 Dum
419 2809 486 2864 ante
506 2806 668 2865 cubiculum
679 2806 877 2866 Atrebatensis
899 2807 1128 2884 deambulamus,
1154 2779 1304 2882 Celtingen
1328 2808 1411 2868 nobis

240 2905 276 2966 ‘¹⁰
290 2908 382 2968 auum
397 2909 519 2983 (ΝΟΜ
534 2909 620 2985 dim,
645 2911 693 2986 qui
709 2927 773 2970 cum
788 2927 807 2971 ι
822 2910 936 2974 Oaesare
955 2913 1099 2988 stipendia
1120 2915 1249 2988 exigeret
1262 2929 1298 2972 ac
1312 2913 1412 2973 Caesar

239 3015 446 3086 respondisset:
461 3015 486 3074 ll
499 3012 572 3076 lault
586 3018 668 3076 avoir
681 3017 821 3092 patience,
837 3017 947 3078 aulicum
963 3018 1049 3078 dixit:
1074 3017 1122 3076 (ιιι
1136 3015 1190 3091 aye
1205 3033 1261 3090 ouy
1276 3019 1410 3102 patience

241 3121 269 3176 et
276 3119 408 3194 passion
426 3137 480 3193 par
493 3119 523 3178 la
537 3121 653 3195 passion
669 3121 706 3181 de
721 3121 802 3182 dieu.
835 3122 932 3184 Oaesar
952 3122 1011 3183 obt·
990 3129 1080 3184 trceus
1095 3123 1189 3196 jussit
1201 3123 1244 3182 illi
1258 3137 1411 3201 numerare

240 3211 413 3300 quingentos
434 3223 568 3287 florenos.
612 3225 669 3288 Sed
691 3242 749 3286 non
769 3225 900 3288 omnibus
924 3243 1006 3302 aeque
1026 3225 1148 3322 feliciter
1169 3228 1255 3314 cessit
1280 3227 1412 3288 leonibus

240 3327 397 3387 collusisse.
683 3338 688 3346 “
902 3369 905 3380 .
1514 3327 1515 3330 ’

329 3432 440 3492 Eadem
458 3431 644 3495 adiciebatur
658 3451 756 3496 rumor
770 3437 914 3511 Hispanos
929 3437 1039 3512 aliquot
1053 3437 1269 3514 Argentorati‘
1261 3453 1293 3496 ιιι
1308 3443 1411 3498 exorto

241 3535 364 3596 tumultu
379 3537 486 3598 occisos
501 3554 572 3598 esse.
596 3539 705 3605 Eadem
721 3541 814 3616 socrui
830 3547 859 3601 et
873 3543 957 3602 uxori
972 3558 1024 3616 per
1038 3543 1179 3602 loannem
1201 3539 1319 3620 nobiae
1332 3541 1411 3616 pedi-

241 3642 294 3704 bus
314 3644 487 3720 scripsimus.
525 3644 634 3705 Eadem
653 3645 753 3707 doctor
774 3644 895 3706 Carolus
916 3647 1006 3726 Harst
1024 3664 1081 3722 per·
1098 3648 1258 3709 Sarnuelem
1277 3652 1410 3723 nepotem

197 3819 199 3822 ¹
241 3753 370 3808 nocuum
384 3750 523 3811 nonnulla
537 3751 618 3810 nobis
634 3751 788 3815 nunciavit.
1160 3792 1166 3798 -

254 3930 258 3936 ἱ
329 3853 455 3926 amna
470 3855 621 3932 anppus
642 3861 672 3916 et
685 3857 816 3916 nunnus
835 3855 980 3917 thanum
1001 3858 1073 3918 ιιιι
1095 3839 1246 3932 Hispana,
1267 3872 1324 3930 qno
1344 3856 1411 3932 pus

241 3972 272 4016 se
291 3959 322 4016 in
349 3949 403 4020 boc
433 3968 612 4035 exercerent,
644 3963 803 4036 sumptibus
828 3962 907 4021 urbis
927 3963 1067 4038 Augustae
1090 3953 1283 4044 pavimentum
1315 3961 1411 4035 lapide

241 4064 336 4149 coctili
357 4069 488 4139 stratum,
511 4063 619 4125 babens
633 4065 664 4124 in
678 4063 885 4144 longitudinem
899 4066 1014 4126 circiter
1036 4071 1152 4128 centum
1165 4052 1349 4142 septuaginta
1363 4082 1412 4141 pe·

240 4167 301 4242 des,
323 4170 353 4228 in
371 4163 558 4253 latitudinem
572 4171 670 4231 decem
693 4175 723 4230 et
742 4175 820 4246 octo,
848 4171 941 4232 tribus
959 4170 1277 4249 parietibusolnmun,
1301 4171 1355 4230 sed
1376 4170 1412 4230 ab

240 4273 352 4354 oriente
371 4279 487 4350 patena,
515 4275 645 4362 vidimus.
684 4276 815 4336 Vidimus
836 4282 865 4336 et
887 4275 1039 4356 amandam
1057 4277 1221 4350 Augustani
1247 4275 1411 4352 splendidas

241 4377 327 4453 aedes,
344 4380 393 4453 qui
407 4380 461 4440 boc
476 4352 597 4443 distiabo
610 4381 743 4456 largitori
758 4398 845 4456 opum
859 4394 976 4475 suarum
991 4383 1054 4442 Deo
1070 4381 1180 4440 coelit
1151 4386 1180 4440 et
1193 4381 1305 4444 terrae'
1297 4397 1328 4440 m
1343 4395 1412 4440 saxo

240 4499 333 4558 super
341 4491 455 4562 portam
470 4485 569 4548 domus
584 4485 702 4560 depingi
714 4491 882 4550 curaverat
