3054 5110
773 455 819 521 24

209 653 306 714 cama,
321 638 423 713 iuquit,
438 638 470 698 ia
483 637 669 714 imperatoria
679 637 830 712 mrimtate
842 638 898 698 sita
911 642 963 700 est.
996 636 1079 712 Quod
1091 637 1130 698 ad
1138 638 1293 703 electorem
1302 655 1383 719 vero,

209 746 234 805 si
247 761 295 805 ree
310 744 351 805 ita
365 748 423 818 est,
445 749 479 804 ut
494 744 529 804 de
548 744 593 803 his
607 744 747 803 intervos
761 746 917 820 tractetur,
941 744 1009 804 date
1024 759 1141 819 operam
1157 751 1190 806 ut
1205 744 1385 808 coloniensis

207 849 410 932 vobismieus
429 848 577 910 reddatur.
615 845 722 908 Postea
736 849 762 908 si
777 848 847 922 quid
865 849 905 908 ad
923 850 1134 910 excusationem
1152 851 1240 910 vesui
1259 851 1384 929 habetis,

207 955 326 1015 coneilio
340 954 483 1030 imperiali
495 951 605 1014 offerte.
642 952 700 1014 Ubi
714 969 801 1013 causa
819 953 858 1014 ad
877 970 929 1014 uos
952 954 1088 1015 devoluta
1106 950 1210 1032 luerit,
1234 953 1384 1032 ego‘dabo

208 1075 335 1136 operam,
351 1064 384 1118 ut
398 1059 436 1120 ad
447 1061 651 1134 imperatorem
665 1057 821 1133 deleratur,
838 1060 903 1118 etsi
918 1059 1066 1133 quidboni
1079 1059 1134 1120 bac
1148 1061 1179 1119 iu
1193 1077 1226 1121 re
1240 1068 1383 1136 pastam

209 1179 321 1241 queam,
337 1166 480 1241 experiar.
510 1165 584 1223 Turn
599 1162 747 1224 Liberius:
762 1164 1010 1224 Revereudissime
1024 1166 1140 1241 presul,
1156 1165 1274 1226 mmites
1288 1169 1383 1228 nostri

209 1287 268 1332 uon
282 1277 350 1331 suut
363 1285 463 1331 aarum
476 1267 652 1344 facultatum,
669 1275 701 1328 ut
715 1269 761 1328 bic
774 1269 874 1345 longas
889 1285 984 1330 moras
999 1275 1115 1331 nectere
1130 1278 1246 1346 queant.
1286 1275 1385 1349 Quare

209 1381 311 1454 petunt
325 1363 564 1437 reverendissima
575 1373 612 1434 D.
625 1375 659 1434 V.
676 1373 753 1456 apud
767 1390 921 1435 cesaream
931 1378 1111 1452 majestatem
1125 1380 1271 1454 negotium
1287 1386 1383 1442 matu·

150 1503 152 1506 ·
199 1499 276 1544 rare
291 1483 433 1570 mouetur.
470 1479 519 1540 Ad
532 1480 594 1540 bac
607 1478 820 1556 Atrebateusis,
840 1482 922 1554 quasi
936 1481 1158 1559 subiracuudua,
1174 1501 1232 1545 uon
1248 1485 1385 1561 arbitror,

208 1589 311 1664 iuquit,
323 1601 476 1662 permees
491 1585 607 1646 comites
620 1585 771 1646 rebellioni
786 1587 993 1648 contumaciam
1001 1587 1159 1664 adjungere
1169 1591 1253 1665 velle,
1269 1597 1302 1651 ιιι
1315 1598 1386 1652 ante

210 1709 380 1770 responsum
393 1692 549 1752 msulutiuo
564 1690 678 1752 Oaesare
693 1691 808 1752 abeant.
832 1692 924 1767 Igitur
938 1692 1077 1753 liberius
1087 1694 1255 1768 petitionem
1268 1695 1387 1756 iteravit

209 1803 239 1860 et
259 1796 459 1858 Atrebatensis
480 1813 516 1857 ex
536 1798 661 1874 bospitio
688 1797 784 1858 exirit.
830 1797 1010 1858 Waldeciani
1033 1799 1189 1874 hospitium
1210 1799 1386 1860 marchionis

209 1903 343 1965 electoris
364 1903 476 1980 adiere,
505 1905 531 1964 si
548 1902 623 1966 lorte
643 1881 980 1978 electoren‘allequenoi
1001 1903 1084 1964 nobis
1102 1904 1185 1978 copia
1203 1901 1304 1981 lieret,
1332 1905 1386 1966 sed

208 2010 305 2072 nullus
320 2011 477 2072 aulicorum
497 2026 650 2087 procerum
664 2010 779 2084 aderat,
801 2009 851 2084 qni
865 2015 994 2070 noemam
1008 2009 1191 2084 praeentiam
1205 2011 1324 2072 electori
1338 2013 1384 2072 iu-

210 2113 308 2176 dicare
322 2121 429 2190 posset.

300 2219 401 2280 comes
420 2219 583 2294 aNassau,
607 2219 685 2294 quod
698 2219 785 2280 variis
800 2221 923 2297 negotiis
941 2221 1175 2295 occupatissimus
1195 2224 1286 2294 esset,
1309 2219 1386 2280 adiri

209 2329 401 2401 nonpoterat.
424 2309 931 2402 Reperimusiudomo‘dtrebetensis
943 2326 1088 2387 doctorem
1097 2325 1261 2402 Philippum
1268 2322 1384 2386 Selden.

228 2423 232 2428 ’
300 2429 489 2490 Weudeliuos
502 2435 531 2490 et
539 2429 644 2490 Florus
654 2429 835 2490 archiducem
843 2431 1071 2492 Maximilianum
1079 2427 1258 2490 dominorum
1269 2429 1386 2491 nomine

211 2551 297 2597 orare
310 2535 455 2611 volebant,
470 2541 503 2597 ut
512 2535 591 2612 apud
602 2533 825 2613 regem'patrem
837 2537 928 2597 nostri
940 2536 1094 2597 clementer
1107 2536 1269 2596 meminisse
1282 2536 1383 2611 digna·

210 2646 306 2717 retur,
322 2641 583 2720 verumisinloco
598 2641 711 2703 concilii
725 2658 784 2702 nou
798 2642 909 2702 aderat.
1094 2627 1097 2634 ’

299 2745 411 2807 Eadem
428 2763 503 2807 uuus
522 2752 552 2808 et
571 2747 646 2808 ulter
667 2748 771 2807 civium
788 2747 927 2823 Augusta
945 2763 999 2824 per
1013 2747 1170 2812 Hernicum
1185 2747 1326 2810 Straokeu
1349 2748 1386 2810 de

74 2857 96 2909 .’
198 2854 270 2914 eitu
290 2853 395 2913 montis
416 2852 554 2928 Iseuberg
575 2858 606 2914 et
626 2854 752 2914 mineris·
767 2854 831 2913 auri
854 2854 930 2914 circa
952 2851 1141 2914 Gorbacbium
1169 2851 1386 2928 diligentissime

211 2958 347 3021 ιιιιιιιιιι
369 2962 449 3034 sunt,
472 2960 568 3020 conati
588 2959 734 3022 uobiscum
748 2959 957 3020 conditionibus
976 2975 1079 3035 agere,
1103 2973 1203 3019 verum
1224 2959 1293 3033 quia
1314 2958 1386 3018 mibi

211 3069 355 3142 prasente
369 3079 437 3126 urso
452 3065 562 3127 catulos
577 3065 729 3128 ostendere
747 3067 842 3126 minos
859 3065 1018 3126 consultum
1032 3063 1198 3140 videbatur,
1220 3064 1298 3125 bona
1313 3065 1385 3126 dans

211 3170 301 3231 verbe
316 3185 365 3230 eos
379 3175 445 3246 post
463 3185 575 3230 menses
590 3170 715 3244 aliquot,
739 3170 764 3230 si
779 3169 848 3244 quid
862 3170 1002 3245 ejusmodi
1023 3177 1172 3246 cuperent,
1196 3171 1227 3230 iu
1246 3171 1384 3230 comitatu

211 3281 311 3336 nostro
327 3289 458 3349 quarem
477 3291 530 3335 uos
541 3273 720 3348 jubebamus.
779 3301 781 3310 ι

301 3379 487 3440 Sebastianus
501 3379 575 3439 Mall
588 3380 752 3456 quingentis
766 3381 862 3441 aureis
877 3397 895 3440 a
909 3379 1093 3440 Fordiuaudo
1107 3392 1177 3456 rege
1193 3380 1316 3442 donatus
1331 3387 1384 3443 est.

211 3483 308 3546 Probe
322 3488 352 3544 et
365 3485 411 3544 bis
426 3487 511 3544 uetus
531 3490 595 3545 erat
611 3485 692 3545 Hans
707 3483 799 3545 Krall.
837 3485 913 3546 Nam
930 3485 962 3545 hi
981 3489 1050 3547 aute
1069 3501 1161 3547 annos
1179 3486 1291 3561 abquot
1305 3489 1385 3565 apud

212 3605 265 3652 nos
279 3591 311 3652 iu
325 3605 394 3652 aree
406 3595 506 3650 nostra
521 3589 661 3665 Isenberg
675 3593 767 3650 erant.

300 3695 425 3770 Eadem,
446 3695 513 3756 dum
528 3712 546 3756 a
560 3711 644 3757 creua
657 3701 770 3772 partem
791 3696 870 3757 urbis
893 3711 957 3756 cum
976 3695 1122 3757 sodalibus
1136 3696 1207 3757 meis
1222 3694 1383 3774 obambulo,

212 3801 288 3864 lorte
307 3800 438 3876 adjunnt
457 3816 489 3862 se
503 3802 585 3863 uobis
599 3803 669 3862 civis
689 3795 806 3878 qiidam
827 3801 1016 3877 grandaevus,
1039 3803 1086 3862 oui
1107 3803 1244 3877 magister
1267 3803 1386 3878 agnum

212 3909 307 3970 clares
329 3912 423 3983 porte
443 3908 670 3983 commendarat,
694 3925 758 3970 eum
779 3923 836 3982 quo
858 3909 940 3969 varia
961 3907 997 3968 de
1015 3909 1095 3968 orbis
1113 3907 1251 3982 Augusta
1272 3910 1384 3984 politia,

212 4013 416 4074 munitionibus
431 4018 485 4074 etc.
507 4015 687 4076 contulimus.
724 4014 753 4074 A
767 4030 824 4089 quo
845 4029 909 4073 cum
928 4014 1004 4073 iuter
1022 4010 1208 4074 fabulandum
1226 4013 1263 4073 de
1278 4013 1385 4090 duplici

213 4135 295 4180 muro
309 4120 567 4194 interrogaremus,
588 4120 662 4183 hauc
676 4121 737 4195 ejus
756 4121 803 4180 rei
813 4121 954 4180 rationem
967 4118 1071 4178 reddit.
1094 4118 1269 4193 baguam
1283 4119 1385 4180 urbem

211 4241 277 4286 essa
292 4225 448 4301 antiquam,
465 4227 618 4300 quainter
630 4228 732 4302 exigna
744 4225 836 4300 spatia
849 4225 908 4284 suis
923 4225 1035 4285 moeniis
1047 4229 1077 4284 et
1087 4225 1180 4300 portis
1190 4225 1284 4286 cincta
1298 4229 1384 4300 esset,

212 4336 246 4392 ut
259 4331 374 4408 ipsimet
382 4331 553 4406 videremus,
569 4335 599 4390 et
612 4330 688 4394 banc
703 4332 770 4391 olim
785 4328 915 4390 ooeuobic
927 4329 963 4389 D.
974 4329 1066 4390 Ulriei
1079 4329 1220 4390 dominico
1233 4330 1341 4404 templo
1356 4336 1386 4391 et

213 4437 278 4499 aliis
293 4437 492 4521 ecclesiasticis
512 4429 706 4498 mansionibus
727 4440 902 4509 occupatam.
940 4433 981 4495 Ut
995 4435 1144 4511 episeopus
1162 4435 1219 4494 loci
1241 4450 1325 4496 omne
1336 4436 1385 4510 jus

194 4577 199 4584 ·
215 4543 270 4606 sibi
282 4544 313 4606 iu
329 4559 392 4606 eam
405 4558 546 4620 usupare
560 4547 679 4604 conatus
693 4546 723 4603 et
736 4541 859 4602 maxime
871 4540 1023 4602 claudendi
1037 4547 1145 4617 portas,
1160 4541 1210 4603 ubi
1224 4547 1256 4604 et
1269 4541 1386 4617 quaudo
