3054 5110
684 389 725 457 ll

203 573 360 645 Memento,
376 576 461 647 pater
478 571 613 650 coelestis²
624 571 762 637 bonitatis
777 575 835 630 ιιι
853 570 996 631 immensae
1012 575 1042 630 et
1059 568 1220 632 aidlotionis
1238 587 1289 633 no·

27 695 29 752 2
112 684 193 754 strae,
209 679 342 738 nutantia
355 695 450 753 genua
465 678 544 752 erige
559 684 588 738 ιι
602 694 654 738 ιιι
668 678 699 736 ιι
709 675 777 749 ιιι,
793 677 894 735 timore
910 681 940 736 ιι
954 693 1051 738 amore
1065 679 1109 738 tui
1123 675 1288 738 ccmobora.

204 784 274 857 xviij
289 783 399 857 Aprilis
414 799 523 844 summo
538 799 623 844 mane
638 783 772 844 Liberius
787 781 1012 856 Mamaeum,
1035 781 1178 844 Melchior
1192 781 1292 842 Hasen

28 929 29 950 ι
114 887 249 948 doctores
264 889 424 976 consultum
439 888 545 948 abiere.
584 887 678 963 Huius
697 887 845 950 consilium
860 883 923 962 luit,
946 891 980 946 ut
993 886 1215 954 hasbacensem
1228 885 1290 946 adi·

113 1009 213 1054 remus
234 1009 269 1054 uc
289 997 483 1068 tentaremus,
513 1010 557 1063 an·
569 995 662 1069 ipsum
687 993 869 1053 archiducem
888 1008 985 1054 coram
1006 993 1114 1067 alloqui
1134 1007 1292 1068 possemus.

28 1131 29 1150 ι
101 1097 520 1173 ·ItemregemFerdinaudum
532 1078 938 1174 alloquendumancbisesse,
954 1095 1291 1162 nontameuilliconsul·

114 1209 178 1264 tun
192 1202 299 1279 rideri,
324 1209 357 1264 ut
376 1207 443 1262 ante
457 1220 544 1263 unum
559 1211 610 1264 aut
624 1205 747 1278 alterum
761 1204 837 1266 diem
858 1221 912 1280 pro
927 1220 1064 1282 responso
1080 1205 1291 1264 sollicitaretur.

114 1310 194 1369 Nam
207 1308 389 1390 archiducem
402 1307 543 1384 quidquid
557 1326 609 1385 per
624 1298 788 1373 wenedos
803 1313 909 1386 scripto
923 1293 1050 1372 oblatum
1065 1311 1113 1382 sit,
1129 1323 1215 1382 quam
1229 1308 1290 1383 pri-
1377 1301 1380 1310 “

114 1432 195 1476 mum
209 1413 356 1476 commode
371 1413 435 1475 fieri
449 1415 554 1489 possit,
576 1429 709 1475 cesarem
723 1417 866 1490 majestati
880 1417 1046 1477 relaturum·
1078 1416 1204 1477 Hasonis
1220 1429 1294 1490 quos

116 1537 175 1596 que
191 1521 341 1581 consilium
355 1524 433 1594 erat,
450 1535 487 1578 ne
502 1525 561 1580 tam
575 1521 707 1586 celeriter
721 1538 889 1598 responsum
904 1526 1075 1597 peteremus.

206 1604 318 1686 Eadem
332 1623 478 1685 Adrianus
493 1642 511 1685 a
526 1626 648 1688 Zertcen
662 1628 780 1687 remotis
802 1628 919 1688 arbitris
940 1645 993 1688 nos
1014 1628 1178 1703 alloquens,
1202 1627 1291 1701 venit,

115 1731 248 1792 tonitrua
263 1715 405 1790 minarum
428 1748 464 1792 ex
478 1747 529 1792 ore
552 1731 597 1810 (ut
618 1733 680 1806 ipse
700 1729 810 1807 ajebat)
829 1731 960 1792 Mauritii
975 1733 1107 1793 electoris
1128 1738 1158 1792 et
1178 1730 1292 1794 Alberti

73 1849 76 1854 ·
116 1835 292 1896 marchionis
309 1835 442 1896 afferens.
473 1837 542 1910 Quae
558 1836 681 1912 dicebat,
697 1834 758 1896 iere
773 1837 911 1911 ejusmodi
926 1840 1018 1910 erant,
1033 1835 1202 1896 Mauritium
1217 1837 1292 1901 elet-

116 1948 212 2002 tcrem
225 1940 321 1999 multis
340 1921 521 2003 audientibus
536 1941 654 2002 dixisse:
678 1941 756 2017 Num
767 1942 857 2008 etiam
871 1940 993 2006 Wolrad
1007 1956 1101 2001 comes
1116 1957 1135 2001 a
1149 1939 1292 2002 Waldeclr

117 2045 221 2108 adest?
236 2046 279 2106 Ac
290 2046 339 2106 ubi
348 2044 494 2106 Adrianus
505 2047 700 2134 respondisset
716 2047 797 2107 »Iuro
813 2045 926 2121 adest«,
940 2046 1110 2106 Mauritium
1124 2026 1244 2106 dixisse:
1261 2045 1293 2104 si
1413 2031 1421 2050 ⁶

118 2169 155 2213 ea
173 2157 401 2228 perpetrassem,
426 2136 490 2226 ιιι
504 2153 608 2213 comiti
626 2153 694 2212 huic
708 2153 901 2239 intentantur,
925 2169 961 2213 ne
980 2151 1096 2220 termini
1111 2152 1226 2226 quidem
1239 2153 1292 2212 im·

117 2258 194 2334 perii
206 2257 278 2316 mihi
292 2259 362 2318 satis
376 2258 463 2338 ampli
478 2264 586 2333 esseut,
609 2257 755 2318 intrabas
774 2259 847 2322 ham
862 2257 984 2320 Oaesauis
1005 2265 1170 2335 expectare,
1193 2252 1224 2318 et
1237 2259 1293 2318 nisi

118 2363 260 2438 peculiari
275 2363 354 2422 salvo
370 2363 513 2422 conductu
527 2365 673 2436 provisum
688 2363 844 2439 sitccmiti,
861 2365 1019 2426 consultum
1035 2341 1186 2440 ιιιιίιιιιι,
1211 2365 1294 2425 citius

119 2484 151 2528 se
167 2468 233 2527 hinc
248 2454 405 2542 arriperet3
427 2473 513 2541 atque
528 2467 573 2526 his
588 2468 684 2529 verbis
693 2539 696 2546 ¹
705 2467 780 2539 adeo
795 2475 954 2544 permotam
975 2467 1065 2528 fuisse
1079 2469 1293 2544 Lantgrariam,

120 2579 154 2634 ut
166 2573 328 2634 Adrianum
343 2573 431 2632 amice
445 2579 584 2648 rogasset,
601 2579 763 2637 curaretur
776 2590 863 2647 quam
877 2575 955 2634 ocius
970 2575 1033 2634 haec
1044 2575 1153 2634 rescire
1168 2589 1292 2650 possem.

119 2679 175 2738 His
190 2678 297 2739 auditus
312 2677 404 2752 primo
419 2679 548 2738 nonnihil
563 2679 658 2739 animo
672 2679 780 2740 turbat
759 2684 816 2740 tuor
831 2678 921 2742 iratus
937 2697 1009 2756 sum,
1025 2678 1116 2740 iratus
1130 2685 1227 2744 tamen
1240 2679 1297 2738 Dei

120 2784 251 2846 bonitate
266 2799 301 2844 ac
314 2783 405 2844 libera
420 2785 592 2844 conscientia
606 2785 658 2844 has
672 2787 764 2845 minas
780 2788 952 2863 contempsi,
975 2787 1153 2862 respondeus
1167 2745 1307 2846 Adriane

120 2889 192 2950 mihi
206 2905 266 2950 non
279 2889 396 2963 probari
412 2889 544 2950 electoris
560 2880 725 2966 consihum,
750 2908 849 2952 rerum
873 2909 918 2952 me
941 2897 1139 2967 experturum,
1164 2892 1296 2966 quisnam

37 2993 41 3032 '=
123 2995 177 3068 sit,
202 2995 252 3068 qui
266 2983 380 3052 mihim
399 2992 501 3053 faciem
523 2979 705 3055 malefactum
728 2997 868 3082 aliqucd'
860 3015 890 3056 ru
890 3001 1003 3056 tentare
1018 2997 1131 3056 audeat
1171 2996 1297 3070 Hortatu

122 3105 221 3160 tamen
234 3065 356 3158 Αιιιιιιι
369 3101 501 3160 comitem
515 3116 533 3159 a
547 3100 662 3162 Nassau
676 3100 734 3160 adii
736 3104 810 3176 ,qui
824 3102 855 3161 in
867 3101 987 3162 eandem
1001 3116 1111 3162 mecum
1126 3102 1296 3163 sententiam

124 3193 323 3278 pedibnst
262 3203 323 3284 ibat
328 3204 451 3291 ,sicque
464 3221 512 3278 res
526 3207 613 3282 paulo
629 3205 786 3268 sedatiores
800 3209 870 3267 visae
884 3212 960 3267 sunt.

214 3307 269 3382 Da,
288 3307 405 3397 domine
415 3309 435 3368 J
436 3325 496 3385 esu,
511 3311 688 3372 voluntatem
701 3318 811 3372 rectam
827 3318 857 3372 et
870 3313 961 3374 viresl

214 3411 326 3472 Eadem
362 3430 455 3504 comes
482 3416 718 3495 aWigtenstein
750 3421 865 3479 nomine
899 3419 1105 3495 archicpiscopi
1134 3420 1301 3480 trevirensis

125 3515 249 3578 loannis
262 3518 300 3578 ab
313 3518 463 3595 lemburg,
486 3525 519 3580 ut
533 3522 572 3582 ad
586 3523 686 3583 horem
701 3525 829 3598 quintam
846 3539 936 3584 coense
953 3525 1042 3600 ipsius
1060 3526 1204 3592 interesse¹
1213 3523 1299 3584 relle-

125 3637 200 3697 mus‚
214 3627 307 3697 rogat.

216 3719 328 3788 Eadem
351 3729 481 3789 comiteur
503 3730 540 3790 ab
564 3731 769 3792 liberatem
739 3737 769 3792 ι
779 3734 958 3794 arunculam
982 3739 1112 3795 nostrum
1133 3715 1302 3795 comitema

127 3831 290 3894 wertheim
306 3831 424 3908 Georgii
445 3832 535 3894 filium
555 3839 746 3897 convenimus
784 3838 920 3902 Videmus
940 3838 1124 3929 Wilhelmum
1146 3839 1182 3900 de
1198 3836 1301 3934 Grum-

127 3936 204 3998 bach
219 3941 249 3999 ιι
262 3935 439 3998 Hermauum
455 3940 491 4000 de
506 3941 706 4015 Amalungsen.

218 4041 342 4106 Volebat
355 4039 500 4124 Adrianus
522 4046 690 4121 ιΖιιιιιιι,
707 4051 747 4106 ιι
768 4045 911 4128 dominam
925 4049 1084 4158 principem
1104 4049 1301 4122 convenirem

46 4224 48 4237 ι
130 4152 162 4207 at
184 4145 262 4220 quod
285 4147 378 4207 adhuc
392 4149 455 4209 sub
478 4151 614 4212 concione
635 4167 721 4212 sacra
740 4151 847 4212 ibidem
866 4159 958 4256 esset,
982 4153 1020 4213 ad
1040 4153 1195 4230 hospitium
1209 4169 1304 4215 meum

131 4250 269 4320 hiemi.

221 4355 324 4418 Licent
311 4357 414 4420 tiatum
428 4323 580 4444 Nicolaum
594 4361 689 4422 Μιιιι
710 4360 834 4436 prandio
855 4361 1016 4437 excepimus
1031 4379 1095 4468 oum
1111 4380 1145 4426 ιο
1160 4369 1190 4426 ιι
1205 4363 1321 4426 amici·

131 4461 203 4522 tiam
216 4461 347 4524 ineuntes
362 4468 392 4524 et
406 4463 469 4537 ejus
484 4463 604 4531 oonsilio
620 4463 807 4530 saluberrimo
822 4467 875 4528 usi.
1011 4532 1014 4537 ,

177 4577 292 4624 usuca
1070 4576 1090 4634 2
