3054 5110
781 413 804 477 ’6

208 597 315 660 coenati
329 610 430 657 sumus
440 598 470 656 et
487 595 727 670 pernoctavimus.
758 593 813 656 Est
833 594 909 653 enim
923 591 1073 668 Meiuinga
1088 591 1203 654 ditionis
1218 591 1378 655 henneber-

208 705 311 778 giacae,
334 703 402 762 olim
417 706 447 760 et
461 698 626 762 dioeceseos
641 705 671 760 et
685 701 803 761 dominii
816 698 1034 774 herbipolensis.
1385 753 1387 756 .

196 821 197 826 ’
297 808 346 882 viij
361 806 484 882 Aprilis,
508 823 572 880 quae
594 810 658 868 erat
678 805 820 866 dominica
841 803 1118 878 Quasimodogeniti,
1141 802 1292 864 Masieldae
1314 820 1381 863 con·

208 915 320 975 cionem
334 929 450 973 sacram
468 911 600 986 magistri
619 911 745 986 Philippi
765 909 938 970 ecclesiastae
958 909 1044 968 aulici
1063 909 1239 984 audivimus,
1263 911 1314 984 qni
1333 911 1381 986 pie

207 1019 318 1096 pariter
332 1035 366 1078 ae
382 1017 466 1078 docte
480 1033 516 1076 ex
530 1016 624 1092 capite
638 1016 738 1075 ultimo
753 1015 874 1074 Ioannis
890 1013 926 1072 de
941 1013 1131 1074 sollicitudIne
1147 1012 1253 1073 Christi
1273 1013 1382 1074 domini

209 1129 239 1184 et
257 1123 408 1184 saluatoris
427 1121 518 1182 nostri
533 1137 587 1196 pro
601 1121 661 1180 suis
675 1120 717 1180 illi
732 1117 895 1194 fidentibus,
919 1118 955 1178 de
974 1118 1156 1194 ablegatione
1175 1120 1381 1194 apostolorum,
1406 1121 1412 1132 ⁴

210 1228 247 1288 de
261 1232 404 1303 potestate
425 1225 602 1286 remissionis
623 1229 818 1300 peccatorum,
842 1225 912 1303 item
931 1223 963 1284 iu
985 1241 1070 1298 quem
1089 1241 1173 1284 usum
1194 1225 1316 1286 historia
1337 1242 1382 1286 re·
1506 1281 1507 1306 ,

210 1334 394 1394 surrectionis
415 1331 565 1392 dominica
583 1333 666 1392 heta
687 1329 835 1404 diligentia
854 1328 891 1389 ab
911 1330 1171 1406 evangeliographo
1188 1331 1382 1391 Ioanne-con·

210 1441 317 1514 scripta
339 1439 385 1498 sit.
423 1437 565 1496 Nimirum
588 1451 644 1511 quo
667 1425 745 1496 omni
770 1433 967 1494 incredulitati
992 1437 1195 1498 renunciantes
1221 1453 1274 1511 per
1295 1435 1383 1496 iidem

211 1544 453 1612 Christimortcm
467 1541 713 1616 apprehendentes
729 1541 820 1615 ipsius
835 1540 943 1600 domiui
958 1541 1045 1615 nasei,
1069 1542 1176 1617 vivere,
1198 1543 1273 1602 mori
1292 1545 1322 1600 et
1337 1557 1383 1602 re·

210 1649 379 1723 surrexisse,
402 1652 533 1708 nostrum
548 1662 610 1706 esse
625 1650 704 1707 oerto
719 1646 824 1706 certius
838 1645 996 1722 credamus,
1020 1653 1053 1707 ut
1070 1647 1159 1708 dmm
1174 1662 1384 1722 consequamur

209 1753 241 1814 in
255 1753 370 1814 Christo
385 1753 457 1814 Iesu
471 1757 622 1828 aeternam,
646 1751 752 1812 omnia
782 1751 863 1812 Fiat!
894 1751 995 1811 Amen.
1033 1753 1038 1758 '

283 1911 285 1916 .
300 1857 456 1918 Consilium
470 1857 652 1918 dominorum
663 1873 682 1917 a
695 1856 873 1932 Henueberg
888 1856 1036 1918 Wilhelmi
1049 1856 1140 1930 patris
1155 1861 1184 1918 et
1199 1855 1316 1932 Georgii
1328 1856 1384 1919 Er·

211 1965 286 2026 nesti
299 1947 360 2040 filii,
384 1965 477 2039 primo
491 1965 548 2024 illis
569 1980 605 2024 ex
624 1979 657 2024 re
677 1967 707 2023 et
724 1963 973 2039 'pernecessarium
990 1962 1091 2036 videri,
1115 1967 1147 2022 ut
1161 1977 1330 2038 pareremus
1344 1963 1384 2022 ci-

210 2071 313 2132 tationi
327 2075 358 2131 et
370 2069 508 2130 mandato
524 2068 667 2144 Caesareo,
690 2084 748 2128 uon
762 2085 848 2128 unam
863 2069 900 2128 ob
915 2084 1039 2128 causam.
1070 2069 1143 2128 Item
1162 2068 1220 2128 illis
1239 2066 1384 2129 viderier

210 2177 256 2252 iis,
279 2193 344 2252 quaa
358 2176 415 2235 illis
430 2171 659 2247 ostendissemus,
682 2189 735 2234 nos
749 2171 832 2233 facile
847 2191 865 2234 a
879 2172 962 2234 uobis
978 2173 1147 2260 depulsuros
1161 2174 1283 2248 objecta

182 2343 184 2348 ,
301 2279 593 2362 Contraillusionem
617 2269 815 2354 episcoporum
841 2296 860 2338 a
881 2279 1041 2340 trevirense
1060 2284 1090 2340 et
1110 2280 1271 2366 coloniense
1292 2296 1383 2341 reme·

212 2385 291 2448 dium
312 2384 384 2460 iore,
406 2389 439 2444 ut
458 2399 546 2444 causa
565 2383 604 2444 ad
623 2387 715 2444 status
729 2383 843 2460 imperii
858 2385 1048 2446 examinanda
1063 2391 1092 2446 et
1101 2384 1258 2460 iudicanda
1271 2385 1382 2447 refera-

212 2498 269 2554 tur.
301 2491 348 2552 Sic
363 2491 439 2550 enim
454 2504 504 2550 eos
517 2505 579 2563 prae
593 2489 705 2565 pudore
719 2505 778 2548 non
799 2490 917 2564 audere,
941 2506 1005 2564 quae
1024 2489 1104 2550 forta
1119 2492 1229 2552 occulte
1249 2493 1383 2554 sedentes

210 2598 242 2659 in
255 2595 368 2657 insidiis
381 2593 559 2655 molirentur.
589 2595 663 2654 Item
677 2610 735 2654 non
749 2599 857 2670 praeter
876 2611 939 2656 rem
953 2593 1026 2671 iore,
1050 2596 1076 2654 si
1094 2596 1130 2658 de
1148 2597 1285 2659 mandato
1299 2599 1383 2660 nobis¹

210 2719 270 2763 uon
283 2701 428 2762 hainuato
444 2699 542 2761 (laesor
556 2699 662 2760 certior
676 2700 847 2762 redderetur
861 2702 898 2762 de
912 2703 1082 2762 alteratione
1095 2701 1183 2777 teudi,
1194 2704 1262 2778 quia
1276 2706 1381 2780 omnIa,

210 2821 276 2884 qua
297 2807 523 2884 possideremus,
547 2805 694 2868 cattorum
713 2807 850 2882 principis
869 2806 985 2869 seudum
1006 2810 1078 2881 sint,
1101 2824 1269 2883 rogaremus
1289 2808 1383 2871 (lase-

139 2908 141 2910 ’
209 2898 282 2989 ιοιιι,Ι
304 2918 338 2974 ut
352 2918 461 2975 nostre
476 2913 647 2974 molitionis
662 2916 691 2974 et
704 2912 823 2974 honoris
838 2915 980 2976 rationem
994 2915 1101 2975 habere
1123 2915 1299 2990 dignaretur.
1331 2917 1383 2980 Sin
1506 2981 1507 2986 ,

208 3034 279 3082 uero
295 3017 394 3081 Oaesar
407 3021 502 3082 acrius
516 3020 647 3094 instaret,
657 3019 778 3094 meamet
790 3019 881 3080 illaesc
897 3025 996 3081 nostro
1012 3027 1041 3082 ct
1052 3022 1215 3095 iuramento
1230 3027 1260 3082 et
1272 3022 1383 3087 honore

210 3123 438 3188 eumcattornm
451 3127 581 3201 principe
595 3125 659 3184 hae
679 3127 861 3200 hansigaret,
884 3125 924 3186 Et
944 3126 986 3185 sio
1003 3141 1057 3186 nos
1076 3127 1219 3188 neminem
1237 3129 1382 3201 lubentius
1506 3113 1507 3138 ³

209 3248 245 3292 ac
258 3233 353 3308 ipsum
367 3233 570 3306 imperatorem
584 3246 638 3306 pro
658 3231 774 3318 domino
794 3229 873 3290 feudi
894 3232 1052 3306 agnituros.
1083 3211 1276 3307 Posteaquam
1295 3235 1383 3310 igitur

209 3335 362 3398 Masieldee
376 3338 495 3412 opipare
510 3337 580 3397 satis
594 3351 732 3411 pransum
746 3341 800 3410 est,
820 3335 912 3395 literis
926 3335 1134 3397 intercessoris
1149 3343 1264 3413 epatre
1278 3343 1309 3400 et
1321 3339 1382 3401 filio

210 3442 250 3504 ad
270 3432 450 3504 Joaohimum
470 3441 662 3502 marchionem
688 3440 989 3516 brandenburgensem
1008 3443 1160 3504 electorem
1181 3449 1234 3506 etc.
1256 3449 1287 3505 et
1307 3445 1381 3506 Wil-

210 3548 336 3610 helmum
350 3549 482 3608 comitam
495 3565 514 3608 a
527 3547 649 3608 Nasson
663 3549 797 3623 acceptis,
821 3553 887 3624 post
902 3549 1042 3610 secundas
1062 3549 1150 3610 etiam
1163 3565 1277 3612 neuma
1290 3552 1382 3614 multo

209 3655 285 3730 lyae
299 3651 443 3730 perfusas,
467 3653 575 3714 dimissi
589 3653 795 3730 Konigshoven
812 3637 1017 3715 contendimus.

228 3845 230 3848 Ι
298 3761 502 3836 Kouigshoren
521 3761 730 3839 herbipolensis
750 3763 878 3837 episcopi
898 3761 967 3822 urba
987 3766 1032 3822 est
1050 3765 1080 3821 et
1098 3766 1233 3838 casuum.
1270 3759 1382 3826 Ibidem

210 3884 228 3928 a
242 3872 346 3928 senatu
359 3868 427 3928 vino
440 3868 573 3928 honorati
590 3880 696 3928 sumus.

298 3973 329 4032 ix
342 3971 450 4047 Aprilis
465 3975 496 4033 in
509 3971 628 4034 Bunach
643 3989 730 4048 super
744 3963 915 4032 Bunichium
929 3970 1046 4050 flumem
1060 3970 1252 4046 pewenianus.

249 4097 254 4105 ’
297 4077 438 4152 :Aprilis
453 4078 577 4139 Bunacae
590 4079 764 4154 jentaculum
779 4080 949 4156 sumpsimus
964 4094 998 4138 ao
1012 4078 1248 4152 Christophorum
1258 4097 1277 4142 a
1288 4080 1382 4143 Deru·

209 4181 293 4260 bach,
317 4185 366 4266 qui
381 4183 465 4245 nobis
480 4183 537 4244 dux
552 4185 606 4245 viae
621 4201 639 4244 a
655 4184 775 4246 dominis
784 4200 809 4250 ,e
822 4183 997 4258 Henneberg
1011 4182 1095 4244 datus
1115 4190 1187 4260 erat,
1211 4201 1275 4246 oum
1289 4186 1382 4250 literis

211 4293 241 4348 et
261 4287 417 4350 honorario
444 4287 610 4349 dimisimus.
650 4291 712 4365 Ipsi
734 4305 786 4348 nos
808 4289 1007 4350 Forehemium
1029 4291 1086 4350 iter
1111 4291 1283 4365 arripientes
1304 4293 1382 4355 inter

211 4394 377 4456 Buuaoham
392 4399 422 4455 et
435 4395 626 4471 Bambergam
639 4395 770 4456 Moenum
784 4394 940 4456 uansvecti
953 4409 1060 4454 sumus.

200 4519 203 4524 ·
301 4500 413 4563 Eodem
433 4499 634 4563 Forchemium
653 4502 767 4562 circitm
785 4499 938 4564 secundam
957 4500 1184 4578 pomeridianam
1204 4501 1379 4582 devenimus,
