3054 5110
218 609 293 669 anim
307 609 479 670 auratorum
492 613 623 670 nostrum
637 608 719 682 sequi
734 605 884 681 debemus,
905 606 976 680 Nos,
998 607 1124 682 inquam,
1141 607 1191 681 qui
1200 605 1322 668 Dbristo
1333 607 1391 668 'sd-

217 713 368 789 haeremus,
384 731 442 774 uon
456 713 591 790 mundos,
608 715 658 788 qui
672 713 775 788 habet,
791 729 847 787 quo
861 713 1032 788 recipiatur,
1054 713 1105 787 qui
1125 729 1162 778 ue
1177 718 1259 790 optat
1274 713 1393 786 quidem

218 819 304 878 etiarn
323 835 386 880 esse
406 835 470 879 eum
493 818 619 894 Christo,
643 820 714 893 quin
733 825 763 880 et
777 819 802 878 si
816 817 897 878 Deus
915 817 1009 880 adhuc
1027 819 1057 878 iu
1078 819 1166 882 terris
1185 824 1303 894 ageret,
1325 835 1390 877 aurn

217 925 325 998 maJore
340 941 425 998 quam
439 926 531 984 crucis
545 924 685 1000 supplicio
700 921 839 998 afficeret,
854 928 913 984 mm
928 925 1026 999 iniquo
1041 924 1136 984 animo
1151 925 1183 982 in
1196 923 1344 984 Christum
1360 929 1392 984 ot

217 1045 297 1088 suam
312 1031 462 1090 reritmm
477 1035 552 1104 sunt,
569 1031 618 1105 qui
633 1029 809 1102 mansionem
824 1035 858 1092 et
870 1031 1115 1092 conversationem
1130 1044 1212 1090 suam
1224 1046 1292 1089 cum
1306 1029 1389 1104 priu-

217 1129 280 1208 cipe
295 1135 380 1209 hujus
394 1135 495 1198 mundi
510 1135 637 1196 Sathena
651 1133 767 1196 babent.
801 1135 873 1196 Item
889 1137 1068 1211 explanavit,
1092 1119 1161 1210 quid
1176 1135 1231 1196 sibi
1245 1135 1308 1196 haec
1322 1153 1388 1196 seu-

217 1243 322 1301 tentia:
339 1241 496 1301 «Ascendit
502 1241 632 1301 dominus
644 1242 676 1300 in
684 1243 962 1318 altumetcaptivam
971 1241 1053 1330 durit
1064 1242 1291 1317 captivitatem»
1309 1235 1388 1302 uelit.

135 1361 137 1366 ·
217 1345 359 1406 Nimirum
373 1349 567 1421 captiuitatem
581 1346 678 1424 luisse,
695 1365 753 1422 qua
768 1367 786 1409 a
799 1350 930 1424 principe
944 1347 1030 1422 hujus
1044 1349 1144 1410 muudi
1158 1355 1189 1410 et
1201 1347 1389 1409 tenebrarum

217 1466 251 1510 ae
265 1457 357 1516 morte
371 1467 407 1510 ac
421 1450 533 1522 interno
548 1454 682 1512 miserum
697 1470 787 1528 genus
799 1454 956 1516 humanum
970 1453 1123 1515 obAdmui
1133 1455 1306 1529 protoplasti
1322 1454 1386 1530 lap-

214 1555 461 1628 sumtenebatur3
478 1557 552 1616 lano
567 1557 698 1620 Cirr-istm
718 1575 814 1620 secum
829 1559 923 1635 duxit,
944 1539 1051 1620 ab'bac
1066 1557 1119 1620 noa
1133 1558 1277 1623 liberavit.
1309 1561 1389 1620 item

212 1661 292 1746 dona
307 1663 387 1722 dedit
400 1663 570 1738 bominibus,
590 1663 661 1739 quid
675 1668 728 1724 etc.
749 1671 784 1724 ut
797 1665 828 1724 id
841 1666 989 1740 aptissime
1004 1681 1041 1724 eu
1059 1665 1087 1725 d.
1105 1663 1196 1726 Paulo
1218 1665 1342 1739 edocuit,
1358 1671 1390 1726 et

218 1783 304 1842 quam
318 1769 380 1828 brec
393 1769 471 1830 dona
485 1767 591 1830 Christi
605 1767 785 1831 murmontis
793 1771 881 1845 regiis
896 1775 950 1830 etc.
973 1775 1153 1844 prestarent.
1191 1769 1299 1830 Docuit
1314 1785 1387 1844 quo-

217 1891 282 1949 que,
307 1876 356 1949 qui
374 1877 572 1938 ascensionem
592 1877 708 1937 Domini
727 1877 805 1952 J'uste
824 1891 1044 1950 veneraremur,
1067 1875 1211 1936 nmrirlum
1231 1881 1265 1936 ot
1278 1875 1325 1935 bic
1339 1876 1389 1950 pie

217 1981 303 2040 ritum
323 1980 519 2057 instituamus,
544 1981 659 2044 Christo
678 1988 708 2043 at
732 1983 818 2043 verbo
842 1982 904 2056 elus
922 1979 1091 2042 obediemus
1106 1998 1140 2042 ac
1155 1985 1287 2055 optemus
1302 1979 1386 2042 onm-

217 2091 301 2158 stmn,
318 2088 368 2160 qui
382 2103 436 2147 nos
450 2089 606 2163 precessit,
627 2085 729 2148 sedens
744 2090 775 2148 in
788 2088 881 2163 gloria
895 2086 950 2147 Dei
964 2075 1065 2162 patris,
1086 2087 1232 2160 subsequi.
1269 2085 1388 2147 Puerile

217 2193 290 2251 enim
306 2193 507 2266 spectaculum,
524 2193 602 2266 quod
615 2197 735 2269 papiste
749 2194 859 2254 idolum
873 2191 989 2267 absum
1003 2192 1133 2254 inultum
1142 2193 1270 2268 trabunt,
1285 2193 1386 2252 rolen-

216 2301 260 2355 tes
274 2296 329 2355 hoc
342 2295 503 2371 significare
519 2299 712 2359 ascensionem
727 2297 833 2360 Christi
848 2304 915 2358 etc..
947 2293 1120 2372 Huiusmodi
1134 2295 1260 2374 ludicris,
1282 2299 1386 2372 inquit,

215 2400 320 2460 intenti
338 2407 405 2461 suut
429 2409 458 2462 et
477 2418 566 2476 opera
586 2401 692 2464 Christi
711 2405 803 2478 instar
826 2405 915 2464 simia
934 2403 1042 2464 imitari
1057 2405 1165 2469 volunt.
1204 2404 1324 2489 Quando
1340 2403 1388 2464 vel

215 2504 340 2584 undem,
356 2508 406 2579 ait,
423 2506 459 2568 de
474 2508 570 2568 reditu
584 2508 646 2582 ejus
667 2514 697 2568 et
711 2524 763 2570 nos
787 2524 883 2570 secum
898 2513 1061 2570 assumente
1076 2506 1164 2569 iestos
1179 2508 1240 2570 dios
1256 2509 1385 2595 celebra·

216 2613 275 2670 turi
287 2628 393 2672 sumus.
422 2610 565 2688 Prnfecto,
586 2616 637 2689 ait,
657 2614 753 2676 rideat
767 2615 1040 2690 muudus-popina
1054 2615 1123 2680 licet
1137 2615 1323 2691 obganniunt,
1339 2621 1385 2676 ta·

205 2733 282 2777 men
296 2719 327 2780 in
340 2720 502 2796 propinquo
520 2725 566 2780 est
579 2720 720 2782 adventus
736 2720 853 2783 domiui
896 2720 952 2780 Hie
966 2718 1087 2781 adduxit
1100 2724 1234 2794 tempora
1246 2721 1340 2781 Nolis
1356 2728 1387 2782 et

215 2823 292 2884 Loth
307 2828 361 2885 etc.
391 2823 576 2910 Refrigerata
597 2833 641 2887 est
659 2829 734 2887 enim
748 2827 881 2886 charius
897 2826 1051 2888 multorum
1066 2831 1096 2888 et
1110 2825 1241 2888 abundat
1264 2827 1385 2903 moitis,

216 2935 248 2990 ut
262 2931 292 2990 in
306 2931 457 3005 propatulo
472 2937 525 2992 ost.
549 2933 694 3007 &gemus
706 2949 788 3008 ergo,
804 2933 905 3006 inquit,
928 2931 1073 2995 dominum
1086 2937 1119 2992 ot
1130 2932 1316 2992 liberatorem
1332 2949 1384 2992 no·
1401 3011 1406 3018 Ι

214 3043 306 3098 emm
321 3037 420 3098 Jesunn
436 3035 592 3114 Christum,
617 3037 763 3100 sedentem
782 3037 821 3098 ad
839 3033 970 3098 damam
984 3019 1040 3100 Dei
1062 3037 1169 3113 patris,
1195 3042 1228 3097 ut
1242 3034 1336 3112 ipa'um
1349 3049 1385 3100 eo

216 3145 296 3218 sequi
311 3143 464 3203 valeamus.
489 3139 548 3204 Sed
562 3145 625 3218 qum
640 3149 810 3218 assequetur
825 3143 956 3217 spiritum
971 3144 1000 3205 d.
1016 3143 1161 3204 Musculii

301 3249 412 3309 Eadem
435 3248 535 3310 literas
555 3249 677 3310 dominae
698 3250 799 3310 matris
818 3247 883 3309 doci
906 3249 1031 3310 Ernesto
1045 3263 1065 3310 a
1078 3243 1266 3324 Brunschwig
1279 3249 1385 3310 obtuli·

215 3369 288 3426 mus,
303 3369 322 3412 a
336 3368 393 3426 quo
407 3353 570 3414 humaniter
584 3353 695 3429 accepti
710 3359 818 3414 etcum
842 3372 877 3415 eo
891 3355 970 3430 apud
983 3354 1142 3431 principem
1163 3354 1317 3416 electorem
1331 3355 1384 3414 Jo-

205 3446 319 3517 ‘annom
338 3458 519 3519 Friderieam
541 3461 641 3536 pransi
660 3473 769 3534 sumus,
795 3460 843 3520 ubi
867 3466 898 3521 et
918 3460 1042 3522 aderaut
1062 3440 1300 3536 regiiproceras,
1323 3458 1384 3520 Der

214 3561 387 3623 Danheuser
402 3570 432 3626 et
445 3564 503 3624 ulii.
530 3562 618 3638 Apud
632 3563 816 3640 Wilbelmum
830 3567 960 3627 comitem
975 3561 1080 3628 omnati
1095 3581 1200 3626 sumus.

302 3670 428 3731 Rumore
444 3668 620 3746 dirmgaturn
635 3647 688 3744 est,
712 3667 872 3745 ponufidos
887 3671 1115 3746 apudOue'surem
1129 3647 1384 3742 intercessissent

214 3777 366 3836 conciones
382 3792 471 3837 sacrae
486 3775 753 3837 intermitterentur.
777 3776 812 3834 In
826 3775 919 3851 sigillo
933 3775 1063 3842 Platonis
1079 3778 1216 3852 scriptum
1226 3775 1307 3834 'orutz
1324 3773 1382 3834 Fa·

214 3881 296 3942 cilius
310 3886 483 3965 est-movere
499 3883 635 3956 quietum,
656 3897 741 3956 quam
755 3882 885 3956 quietam
899 3886 1026 3956 motum3,
1045 3884 1076 3942 iu
1090 3882 1185 3957 sigillo
1200 3879 1381 3952 brbmtelis:

215 3961 378 4060 Sapientior
392 3992 445 4061 est,
462 3988 515 4061 qui
527 3987 606 4061 qood
619 3989 699 4050 novit
719 3983 881 4066 abscondit,
898 4003 985 4062 quam
999 3988 1049 4063 qui
1063 3987 1208 4068 propalat,
1224 3985 1302 4061 quod
1316 4001 1382 4046 nas·

213 4091 262 4152 cit.
286 4092 321 4152 In
334 4093 429 4169 sigillo
449 4091 591 4153 Socratis:
620 4093 755 4178 Inimicus
774 4092 897 4154 hominis
916 4093 1081 4168 insipientia
1099 4079 1175 4168 ejns3
1202 4093 1311 4152 amicus
1331 4092 1382 4152 bo·

212 4198 298 4257 minis
308 4199 455 4274 sapientia
469 4199 543 4272 eius;
566 4200 597 4258 iu
610 4199 705 4273 sigillo
720 4199 855 4260 Seneca:
881 4198 1028 4262 secretum
1042 4204 1136 4260 meum
1151 4197 1230 4258 mihi.

302 4303 337 4364 In
353 4304 400 4364 die
413 4295 589 4365 ascensionis
602 4303 718 4378 domini,
741 4305 791 4378 qui
807 4303 870 4366 er'at
887 4305 927 4364 10
943 4303 1004 4364 dics
1018 4305 1090 4379 Maii
1106 4303 1159 4363 sub
1174 4285 1289 4364 noctem
1303 4302 1385 4362 Mar·

213 4410 292 4478 tinus
306 4425 414 4490 coquus
438 4411 564 4485 episcopi
578 4408 839 4480 Monasteriensis,
854 4408 903 4481 qui
925 4409 1084 4471 consilariis
1105 4410 1244 4484 Augustae
1267 4408 1383 4469 additus

214 4517 287 4612 erut,
304 4513 341 4576 ab
356 4504 538 4577 adolescente
553 4495 687 4591 quopiam
701 4511 822 4573 Didonis
837 4503 1073 4598 a'Kuiepbausen
1092 4515 1201 4577 famulo
1214 4512 1383 4577 interiectus
