3020 5112
648 441 740 508 “201

6 705 8 712 Ι
114 622 188 684 dein
203 637 318 700 quoque
332 622 456 698 primum
470 618 631 691 andivimus
646 621 683 684 de
703 622 837 686 comedo
856 621 982 700 Pennig,
1005 627 1054 702 qui
1072 628 1162 690 millia
1183 630 1293 706 aliquot

115 729 252 803 peditum
265 729 437 790 conduxisse
451 726 610 790 dicebatur.
1360 808 1364 819 ,

105 855 109 860 ·
125 857 127 860 ·
210 833 292 908 xxiiij
306 832 390 893 Juuii
404 832 520 893 Werdoe
535 831 573 893 ad
588 833 753 894 Danubium
768 834 903 895 Liberius
918 842 948 896 et
961 836 1106 898 Adrianus
1121 843 1292 916 expectandi

116 945 215 1000 erant.
247 938 359 999 Ibidem
373 941 483 1012 ιιιιιι,
506 939 575 1012 quia
589 943 618 998 et
633 939 791 999 demimous
806 938 867 1000 dies
880 945 913 1000 et
927 938 1008 1000 ierim
1022 942 1143 1004 loannis
1158 945 1292 1019 baptistae

117 1060 214 1106 saorae
230 1049 340 1119 essent,
363 1057 495 1103 nonnae
509 1059 593 1126 saera
606 1046 706 1105 oonoio
720 1044 820 1105 babila
835 1051 887 1105 est
918 1045 994 1106 Nam
1009 1045 1086 1108 inira
1099 1049 1249 1124 septimam
1262 1059 1293 1112 et

108 1165 229 1212 ἰιοιιιιιι
243 1149 330 1210 bores
344 1149 471 1208 eeclesias
486 1148 617 1210 minister
630 1153 661 1208 et
674 1148 872 1224 ludimagister
887 1165 950 1210 oum
969 1151 1102 1212 sodalitio
1122 1153 1291 1217 sdholastieo

116 1255 273 1316 introitum
288 1253 452 1316 cauabant.
483 1253 597 1314 Deinde
612 1253 716 1328 adnuis
727 1254 925 1323 ,ministrorum
940 1255 1020 1316 verbi
1034 1258 1141 1332 popolo
1160 1260 1291 1334 spiritam

116 1359 231 1422 donnini
245 1360 418 1432 inpretatur
438 1363 490 1418 est.
530 1356 685 1420 Oolledam
705 1361 736 1418 in
757 1365 856 1420 nostro
876 1359 1010 1422 idiomate
1032 1361 1211 1440 demutavit,
1234 1383 1291 1440 qua

116 1463 202 1526 linita
223 1465 356 1524 minister
378 1467 542 1537 suggestam
565 1463 694 1524 aseendit
716 1465 815 1539 legens
837 1465 987 1540 epistelam
1010 1483 1045 1528 ea
1067 1469 1208 1530 dominiea
1236 1489 1290 1545 pre

115 1571 214 1630 veteri
222 1569 350 1630 adelasiae
358 1584 438 1629 more
445 1569 504 1644 legi
518 1568 642 1642 ιιιιιιιι,
658 1585 692 1630 ιι
707 1571 736 1628 ιι
751 1569 871 1630 ambone
886 1577 1051 1648 expectens,
1067 1573 1160 1634 donee
1175 1576 1291 1650 alleluja

116 1675 306 1743 dmentetum
322 1681 394 1734 eret.
430 1674 501 1734 Post
515 1672 593 1747 quod
607 1673 683 1734 idem
696 1676 827 1734 minister
842 1677 1022 1749 evangelium
1038 1693 1073 1736 ex
1088 1679 1168 1740 Luoa
1182 1695 1245 1754 oep.
1271 1684 1289 1740 6

116 1782 200 1856 legit,
216 1779 342 1840 seilicet:
359 1779 480 1838 «Estote
488 1794 558 1852 ergo
566 1778 774 1853 misericordes,
790 1781 864 1838 siout
878 1785 907 1838 et
922 1786 1006 1856 pater
1021 1767 1115 1843 vester
1130 1785 1291 1844 miserioors

117 1889 173 1946 est.
197 1883 297 1944 Nolite
307 1883 446 1958 inditate,
463 1888 493 1944 et
508 1900 565 1943 non
578 1882 795 1957 jndioabimini»
813 1890 866 1943 eto.
889 1884 929 1944 itt
944 1885 984 1944 sio
1005 1887 1143 1947 ilieebilt.
1161 1875 1290 1949 Inehoro

117 2006 191 2051 vero
208 1990 259 2066 qui
273 1981 499 2050 eoneionatnrus
515 1993 592 2062 erat,
614 1988 700 2050 eredo
714 1989 744 2047 in
765 1989 849 2050 deum
870 1991 961 2065 canit,
985 2006 1020 2050 ee
1039 1971 1237 2067 ludimagister
1257 2011 1292 2056 ao

117 2072 236 2170 relipua
251 2094 370 2154 eoelesia
384 2093 543 2168 symbolum
558 2095 716 2168 suscipiens
735 2095 897 2167 germaniae
916 2095 989 2154 illud
1008 2098 1141 2172 complet.
1173 2099 1290 2158 Interior

116 2201 308 2262 oomoionotor
321 2200 471 2260 ambonem
486 2197 664 2273 oonsoendit,
690 2201 788 2272 pauds
803 2197 939 2273 praefatas
959 2202 1092 2263 invocato
1111 2204 1225 2263 nomine
1246 2204 1289 2264 di·

119 2308 190 2366 vino
205 2311 236 2366 et
250 2303 328 2366 dieta
342 2304 473 2363 oratione
488 2303 641 2380 dominica,
666 2304 846 2378 evangelium
861 2319 919 2364 non
934 2312 967 2365 ut
980 2308 1068 2366 moris
1084 2312 1129 2367 est
1147 2308 1288 2384 relegens,

119 2411 173 2472 sed
188 2409 286 2470 stetim
301 2399 509 2482 expositionem
522 2411 583 2484 ejus
598 2411 774 2486 aggreditur,
791 2409 910 2470 dioensr
919 2411 1047 2472 Audistis
1060 2413 1090 2471 in
1105 2405 1289 2476 emanatione

121 2515 226 2591 eapitis
241 2513 326 2599 hujus
341 2519 410 2574 ante
424 2513 607 2589 peuoos-dies
623 2521 652 2575 et
666 2515 751 2589 hujus
763 2517 824 2590 jam
838 2515 905 2576 loeti
919 2517 1061 2592 evangelii
1075 2523 1194 2578 textum.
1218 2519 1289 2580 Ani·

120 2617 358 2686 madverteodam
373 2633 443 2678 vero
459 2623 515 2693 est,
539 2620 616 2693 quod
631 2619 762 2680 cbristus
777 2620 835 2706 duo
850 2619 896 2682 lais
911 2622 1006 2682 verbis
1021 2623 1176 2682 admonere
1191 2624 1288 2704 voluit,

121 2741 212 2784 unum
227 2731 260 2784 ut
273 2724 427 2798 discipulos
441 2723 480 2783 ad
494 2722 619 2783 futuram
628 2700 857 2798 persecutionem
865 2729 1060 2802 premuniret,
1076 2727 1289 2802 quobaberent,

121 2845 180 2904 quo
195 2845 227 2889 se
248 2829 474 2890 consolarentur.
505 2815 687 2890 Arbitramur
709 2831 785 2888 enim
805 2827 882 2903 quod
902 2846 960 2890 ιιοιι
979 2831 1039 2890 ιιιι
1056 2815 1207 2906 eondignae
1226 2849 1291 2908 pes·

121 2937 220 2996 siones
233 2934 319 3008 binius
333 2934 432 2994 mandi
447 2933 485 2994 ed
499 2949 563 2995 eam
577 2951 642 3009 ιιι
656 2933 798 2994 relabitur
812 2935 932 3009 gloriam
946 2940 1000 2994 ete.
1031 2935 1113 2994 Dixit
1128 2938 1217 3010 enim,
1238 2939 1290 3013 ait,

125 3057 199 3116 «ego
214 3041 298 3100 mitto
312 3055 364 3100 vos
378 3041 452 3098 siout
466 3055 534 3101 oves
548 3041 580 3099 in
594 3038 852 3116 mediolupornm»
871 3044 924 3099 eto.
948 3040 1079 3105 Alterum
1091 3040 1291 3114 quoddooeret

122 3145 282 3221 disolpulos
301 3145 466 3208 discernere
480 3145 672 3220 evangelicam
684 3145 834 3218 justiniam
849 3161 867 3204 a
885 3146 1002 3218 iusticie
1022 3145 1091 3219 legs.
1123 3146 1291 3231 Qumqnem

123 3251 257 3311 Christus
270 3249 318 3310 hio
331 3266 391 3310 non
404 3252 553 3324 loquetur
555 3251 590 3310 de
603 3251 720 3322 justinia
735 3250 872 3310 salvante
896 3249 970 3309 Nam
986 3251 1063 3310 salus
1077 3240 1130 3327 per
1145 3250 1290 3311 Christum

122 3372 160 3416 ex
176 3356 304 3430 gratuita
318 3356 516 3416 misericordia
530 3355 614 3446 nobis
628 3355 716 3414 venit.
748 3353 841 3415 Nimis
856 3356 932 3416 enim
947 3357 1021 3415 exile
1037 3361 1066 3415 et
1085 3361 1171 3418 tenne
1191 3363 1235 3417 est
1253 3356 1307 3416 adx

122 3461 246 3521 salutem
260 3476 343 3520 omne
358 3461 442 3535 illud,
465 3433 605 3535 quidquid
619 3461 725 3519 nostris
744 3458 880 3536 operibus
899 3458 1014 3522 efficere
1033 3478 1193 3536 possumus.
1233 3445 1291 3524 Sed
1404 3459 1410 3466 ’

122 3565 256 3625 Christus
270 3566 319 3624 hio
331 3565 435 3625 dooere
450 3561 540 3626 voluit
546 3567 714 3642 ,quomodo
730 3583 781 3626 nos
796 3583 866 3642 erga
881 3569 1025 3642 proximos
1040 3573 1154 3631 ιιοιιιοι
1174 3583 1289 3642 gerere·
1298 3638 1301 3654 1

121 3675 255 3732 museto.
285 3671 326 3730 Et
340 3673 410 3746 qaid
433 3673 471 3732 sit
494 3673 570 3747 quod
589 3674 726 3749 seriptum
745 3679 802 3733 est:
828 3671 1083 3736 «Misericordiam
1095 3671 1160 3730 volo
1184 3677 1214 3731 et
1233 3673 1310 3731 non'

122 3775 324 3837 sacrificium.»
357 3775 421 3837 Hoc
435 3778 499 3838 loeo
513 3783 609 3838 antem
624 3779 809 3837 eonoionator
823 3775 893 3850 qnid
907 3774 1102 3836 miserieordie
1117 3776 1169 3859 sit,
1184 3775 1291 3839 diserte

122 3881 220 3942 doouit
235 3886 264 3941 et
277 3882 329 3956 ¹qud
345 3897 380 3942 ιι
394 3884 560 3957 praestanda
575 3883 625 3957 sit,
649 3883 786 3956 adjioiens
800 3895 857 3940 non
877 3880 969 3938 solum
992 3880 1215 3940 misericordiam
1223 3911 1228 3943 ι
1234 3881 1291 3942 diei

123 3986 203 4062 qnod
217 3986 348 4048 mendioo
362 3994 415 4048 ιιιι
427 3987 536 4062 potenti
558 3987 661 4062 stipam
682 3992 733 4046 eut
752 4000 897 4044 ιιιιιιιιιιιι
918 3985 1052 4059 largiaris
1072 3991 1123 4045 aut
1142 3988 1226 4046 amiel
1245 3988 1291 4047 iel

122 4093 293 4169 agrotantis
307 4094 354 4152 vel
367 4089 466 4154 afflicti
480 4094 571 4152 ritem
585 4092 693 4166 doleas,
709 4091 740 4151 id
756 4091 831 4150 enim
842 4095 917 4150 teste
932 4088 1046 4149 Christo
1060 4093 1148 4150 etiam
1163 4093 1291 4154 stbnioos

123 4197 229 4258 iaoere.
261 4198 318 4258 Sed
332 4198 364 4257 id
382 4213 446 4258 esse
465 4197 689 4257 misericordiam
710 4197 784 4255 sieut
804 4201 888 4270 pater
907 4196 1032 4256 eoelestis
1053 4197 1214 4257 misericors
1238 4204 1289 4272 est,

124 4305 175 4398 qui
190 4305 280 4364 selem
293 4319 379 4366 suam
398 4303 565 4363 admirabile
587 4301 658 4364 illud
679 4305 775 4362 lamen
796 4307 826 4362 et
845 4302 927 4362 bonis
947 4308 977 4362 et
996 4303 1078 4362 malis
1098 4295 1194 4363 lnoore
1214 4304 1290 4377 sinit,
1382 4373 1384 4377 ⁸

123 4410 174 4482 qui
195 4409 226 4466 in
247 4423 318 4483 agro
338 4407 459 4468 bominis
478 4409 605 4468 timentis
631 4408 715 4468 deum
738 4412 850 4482 segetes
873 4421 1002 4470 crescere
1022 4389 1083 4468 ιι
1074 4427 1105 4466 ιιι
1123 4426 1193 4484 agro
1214 4410 1291 4470 ethei

127 4527 210 4588 aeque
224 4511 335 4574 ιιιιιιιι
349 4513 498 4579 uberiores
514 4513 564 4574 det
578 4518 632 4576 ete.
663 4513 704 4580 Ut
718 4512 792 4572 idem
806 4512 861 4574 hoe
871 4513 971 4573 multis
991 4513 1026 4572 de
1045 4513 1221 4587 benignitate
1244 4513 1292 4586 dei
