<?xml version="1.0" encoding="UTF-8"?>
<!DOCTYPE html PUBLIC "-//W3C//DTD XHTML 1.0 Transitional//EN"
    "http://www.w3.org/TR/xhtml1/DTD/xhtml1-transitional.dtd">
<html xmlns="http://www.w3.org/1999/xhtml" xml:lang="en" lang="en">
 <head>
  <title>
</title>
<meta http-equiv="Content-Type" content="text/html;charset=utf-8" />
  <meta name='ocr-system' content='tesseract 3.04.00' />
  <meta name='ocr-capabilities' content='ocr_page ocr_carea ocr_par ocr_line ocrx_word'/>
</head>
<body>
  <div class='ocr_page' id='page_1' title='image "./desgrafenwolrad02trosgoog_0114.png"; bbox 0 0 3046 5104; ppageno 0'>
   <div class='ocr_carea' id='block_1_1' title="bbox 730 401 793 466">
    <p class='ocr_par' dir='ltr' id='par_1_1' title="bbox 730 401 793 466">
     <span class='ocr_line' id='line_1_1' title="bbox 730 401 793 466; baseline 0 0"><span class='ocrx_word' id='word_1_1' title='bbox 730 401 793 466; x_wconf 83' lang='grc'>103</span> 
     </span>
    </p>
   </div>
   <div class='ocr_carea' id='block_1_2' title="bbox 109 581 1346 4540">
    <p class='ocr_par' dir='ltr' id='par_1_2' title="bbox 163 581 1346 876">
     <span class='ocr_line' id='line_1_2' title="bbox 261 581 1344 662; baseline 0.001 -17"><span class='ocrx_word' id='word_1_2' title='bbox 261 585 326 646; x_wconf 86' lang='lat' dir='ltr'>Hac</span> <span class='ocrx_word' id='word_1_3' title='bbox 340 584 386 644; x_wconf 88' lang='lat' dir='ltr'>die</span> <span class='ocrx_word' id='word_1_4' title='bbox 402 585 494 658; x_wconf 91' lang='lat' dir='ltr'>primo</span> <span class='ocrx_word' id='word_1_5' title='bbox 508 581 557 642; x_wconf 86' lang='lat' dir='ltr'>hio</span> <span class='ocrx_word' id='word_1_6' title='bbox 569 582 834 655; x_wconf 85' lang='lat' dir='ltr'>praestantissimum</span> <span class='ocrx_word' id='word_1_7' title='bbox 850 585 942 644; x_wconf 87' lang='lat' dir='ltr'>virum</span> <span class='ocrx_word' id='word_1_8' title='bbox 957 583 984 644; x_wconf 90' lang='lat' dir='ltr'>d.</span> <span class='ocrx_word' id='word_1_9' title='bbox 1001 585 1140 648; x_wconf 84' lang='lat' dir='ltr'>Jccobum</span> <span class='ocrx_word' id='word_1_10' title='bbox 1155 587 1262 660; x_wconf 88' lang='lat' dir='ltr'>Sturm,</span> <span class='ocrx_word' id='word_1_11' title='bbox 1278 604 1344 662; x_wconf 88' lang='lat' dir='ltr'>pro-</span> 
     </span>
     <span class='ocr_line' id='line_1_3' title="bbox 163 676 1346 766; baseline 0 -16"><span class='ocrx_word' id='word_1_12' title='bbox 163 690 317 750; x_wconf 73' lang='lat' dir='ltr'>consulem</span> <span class='ocrx_word' id='word_1_13' title='bbox 332 676 606 766; x_wconf 64' lang='lat' dir='ltr'><strong>Argentoratensem</strong></span> <span class='ocrx_word' id='word_1_14' title='bbox 621 684 751 748; x_wconf 84' lang='lat' dir='ltr'>vidimus.</span> <span class='ocrx_word' id='word_1_15' title='bbox 789 690 896 748; x_wconf 87' lang='lat' dir='ltr'>Verum</span> <span class='ocrx_word' id='word_1_16' title='bbox 915 688 940 746; x_wconf 89' lang='lat' dir='ltr'>is</span> <span class='ocrx_word' id='word_1_17' title='bbox 961 691 1052 748; x_wconf 80' lang='lat' dir='ltr'>nostri</span> <span class='ocrx_word' id='word_1_18' title='bbox 1072 692 1176 752; x_wconf 89' lang='lat' dir='ltr'>oblitus</span> <span class='ocrx_word' id='word_1_19' title='bbox 1197 699 1270 765; x_wconf 86' lang='lat' dir='ltr'>erat,</span> <span class='ocrx_word' id='word_1_20' title='bbox 1293 709 1346 752; x_wconf 89' lang='lat' dir='ltr'>uec</span> 
     </span>
     <span class='ocr_line' id='line_1_4' title="bbox 166 779 1283 876; baseline 0.002 -24"><span class='ocrx_word' id='word_1_21' title='bbox 166 793 238 854; x_wconf 88' lang='lat' dir='ltr'>dum</span> <span class='ocrx_word' id='word_1_22' title='bbox 253 795 391 868; x_wconf 89' lang='lat' dir='ltr'>temporis</span> <span class='ocrx_word' id='word_1_23' title='bbox 406 793 453 853; x_wconf 86' lang='lat' dir='ltr'>vel</span> <span class='ocrx_word' id='word_1_24' title='bbox 467 793 523 876; x_wconf 87' lang='lat' dir='ltr'>ipsi</span> <span class='ocrx_word' id='word_1_25' title='bbox 537 793 583 851; x_wconf 89' lang='lat' dir='ltr'>vel</span> <span class='ocrx_word' id='word_1_26' title='bbox 596 793 679 872; x_wconf 83' lang='lat' dir='ltr'>nobis</span> <span class='ocrx_word' id='word_1_27' title='bbox 691 792 814 862; x_wconf 38' lang='lat' dir='ltr'>,vacabat</span> <span class='ocrx_word' id='word_1_28' title='bbox 828 794 921 866; x_wconf 86' lang='lat' dir='ltr'>ipsum</span> <span class='ocrx_word' id='word_1_29' title='bbox 935 793 1011 852; x_wconf 89' lang='lat' dir='ltr'>inter</span> <span class='ocrx_word' id='word_1_30' title='bbox 1025 811 1108 854; x_wconf 86' lang='lat' dir='ltr'>sacra</span> <span class='ocrx_word' id='word_1_31' title='bbox 1122 779 1283 860; x_wconf 86' lang='lat' dir='ltr'>molestare.</span> 
     </span>
    </p>

    <p class='ocr_par' dir='ltr' id='par_1_3' title="bbox 165 896 1344 1166">
     <span class='ocr_line' id='line_1_5' title="bbox 255 896 1344 991; baseline 0.002 -33"><span class='ocrx_word' id='word_1_32' title='bbox 255 899 388 991; x_wconf 31' lang='lat' dir='ltr'>[Prausus</span> <span class='ocrx_word' id='word_1_33' title='bbox 404 903 449 958; x_wconf 91' lang='lat' dir='ltr'>est</span> <span class='ocrx_word' id='word_1_34' title='bbox 462 896 610 958; x_wconf 84' lang='lat' dir='ltr'>nobiscum</span> <span class='ocrx_word' id='word_1_35' title='bbox 626 897 746 958; x_wconf 79' lang='lat' dir='ltr'><strong>Carolus</strong></span> <span class='ocrx_word' id='word_1_36' title='bbox 760 914 779 956; x_wconf 89' lang='lat' dir='ltr'>a</span> <span class='ocrx_word' id='word_1_37' title='bbox 794 897 956 958; x_wconf 83' lang='lat' dir='ltr'>Stoekhem.</span> <span class='ocrx_word' id='word_1_38' title='bbox 987 897 1014 958; x_wconf 81' lang='lat' dir='ltr'><strong>A</strong></span> <span class='ocrx_word' id='word_1_39' title='bbox 1034 900 1157 972; x_wconf 89' lang='lat' dir='ltr'>prandio</span> <span class='ocrx_word' id='word_1_40' title='bbox 1178 900 1275 959; x_wconf 86' lang='lat' dir='ltr'>hortos</span> <span class='ocrx_word' id='word_1_41' title='bbox 1293 900 1344 960; x_wconf 84' lang='lat' dir='ltr'>Ja-</span> 
     </span>
     <span class='ocr_line' id='line_1_6' title="bbox 167 981 1343 1064; baseline 0.002 -2"><span class='ocrx_word' id='word_1_42' title='bbox 167 1001 234 1062; x_wconf 89' lang='lat' dir='ltr'>cobi</span> <span class='ocrx_word' id='word_1_43' title='bbox 256 998 348 1064; x_wconf 63' lang='lat' dir='ltr'>ldler</span> <span class='ocrx_word' id='word_1_44' title='bbox 371 1007 401 1062; x_wconf 86' lang='lat' dir='ltr'>et</span> <span class='ocrx_word' id='word_1_45' title='bbox 423 1003 482 1060; x_wconf 86' lang='lat' dir='ltr'>Viti</span> <span class='ocrx_word' id='word_1_46' title='bbox 505 1001 624 1062; x_wconf 88' lang='lat' dir='ltr'>Wittich</span> <span class='ocrx_word' id='word_1_47' title='bbox 646 1000 796 1062; x_wconf 86' lang='lat' dir='ltr'>adonideis</span> <span class='ocrx_word' id='word_1_48' title='bbox 818 1001 910 1062; x_wconf 87' lang='lat' dir='ltr'>hortis</span> <span class='ocrx_word' id='word_1_49' title='bbox 924 981 992 1062; x_wconf 84' lang='lat' dir='ltr'>¹uon</span> <span class='ocrx_word' id='word_1_50' title='bbox 1014 1003 1103 1063; x_wconf 77' lang='lat' dir='ltr'>muln</span> <span class='ocrx_word' id='word_1_51' title='bbox 1127 1004 1279 1064; x_wconf 79' lang='lat' dir='ltr'>dissimiles</span> <span class='ocrx_word' id='word_1_52' title='bbox 1301 1006 1343 1064; x_wconf 84' lang='lat' dir='ltr'>ri·</span> 
     </span>
     <span class='ocr_line' id='line_1_7' title="bbox 165 1087 1301 1166; baseline -0.002 0"><span class='ocrx_word' id='word_1_53' title='bbox 165 1106 272 1166; x_wconf 84' lang='lat' dir='ltr'>dimus.</span> <span class='ocrx_word' id='word_1_54' title='bbox 804 1089 807 1094; x_wconf 44' lang='lat'>¹</span> <span class='ocrx_word' id='word_1_55' title='bbox 974 1087 976 1090; x_wconf 33' lang='lat'>⁵</span> <span class='ocrx_word' id='word_1_56' title='bbox 1298 1119 1301 1128; x_wconf 87' lang='grc'>’</span> 
     </span>
    </p>

    <p class='ocr_par' dir='ltr' id='par_1_4' title="bbox 155 1207 1344 2237">
     <span class='ocr_line' id='line_1_8' title="bbox 258 1207 1343 1286; baseline 0.001 -17"><span class='ocrx_word' id='word_1_57' title='bbox 258 1209 306 1270; x_wconf 83' lang='lat' dir='ltr'>Ad</span> <span class='ocrx_word' id='word_1_58' title='bbox 326 1210 442 1270; x_wconf 78' lang='lat' dir='ltr'>tertiam</span> <span class='ocrx_word' id='word_1_59' title='bbox 461 1207 689 1286; x_wconf 86' lang='lat' dir='ltr'>pomeridianum</span> <span class='ocrx_word' id='word_1_60' title='bbox 710 1209 737 1268; x_wconf 91' lang='lat' dir='ltr'>d.</span> <span class='ocrx_word' id='word_1_61' title='bbox 759 1209 917 1286; x_wconf 73' lang='lat' dir='ltr'>Masculus,</span> <span class='ocrx_word' id='word_1_62' title='bbox 941 1210 1018 1286; x_wconf 86' lang='lat' dir='ltr'>quod</span> <span class='ocrx_word' id='word_1_63' title='bbox 1037 1211 1179 1286; x_wconf 85' lang='lat' dir='ltr'>reliquum</span> <span class='ocrx_word' id='word_1_64' title='bbox 1199 1216 1262 1270; x_wconf 86' lang='lat' dir='ltr'>erat</span> <span class='ocrx_word' id='word_1_65' title='bbox 1276 1228 1343 1270; x_wconf 88' lang='lat' dir='ltr'>con·</span> 
     </span>
     <span class='ocr_line' id='line_1_9' title="bbox 165 1299 1344 1390; baseline 0.003 -18"><span class='ocrx_word' id='word_1_66' title='bbox 165 1299 273 1388; x_wconf 79' lang='lat' dir='ltr'>aionis,</span> <span class='ocrx_word' id='word_1_67' title='bbox 292 1314 423 1374; x_wconf 86' lang='lat' dir='ltr'>absolvit.</span> <span class='ocrx_word' id='word_1_68' title='bbox 457 1313 514 1374; x_wconf 87' lang='lat' dir='ltr'>Sed</span> <span class='ocrx_word' id='word_1_69' title='bbox 530 1311 616 1390; x_wconf 90' lang='lat' dir='ltr'>(proh</span> <span class='ocrx_word' id='word_1_70' title='bbox 631 1311 725 1388; x_wconf 87' lang='lat' dir='ltr'>dolor)</span> <span class='ocrx_word' id='word_1_71' title='bbox 736 1301 795 1374; x_wconf 82' lang='lat' dir='ltr'>nos</span> <span class='ocrx_word' id='word_1_72' title='bbox 810 1315 864 1376; x_wconf 91' lang='lat' dir='ltr'>toti</span> <span class='ocrx_word' id='word_1_73' title='bbox 879 1331 937 1374; x_wconf 91' lang='lat' dir='ltr'>uon</span> <span class='ocrx_word' id='word_1_74' title='bbox 957 1313 1117 1374; x_wconf 84' lang='lat' dir='ltr'>aderamus.</span> <span class='ocrx_word' id='word_1_75' title='bbox 1148 1315 1279 1390; x_wconf 78' lang='lat' dir='ltr'>Urgebot</span> <span class='ocrx_word' id='word_1_76' title='bbox 1293 1333 1344 1376; x_wconf 83' lang='lat' dir='ltr'>aa·</span> 
     </span>
     <span class='ocr_line' id='line_1_10' title="bbox 165 1417 1344 1496; baseline 0.003 -18"><span class='ocrx_word' id='word_1_77' title='bbox 165 1425 226 1478; x_wconf 90' lang='lat' dir='ltr'>tem</span> <span class='ocrx_word' id='word_1_78' title='bbox 247 1418 303 1478; x_wconf 89' lang='lat' dir='ltr'>hoe</span> <span class='ocrx_word' id='word_1_79' title='bbox 323 1418 361 1478; x_wconf 84' lang='lat' dir='ltr'>de</span> <span class='ocrx_word' id='word_1_80' title='bbox 381 1419 554 1480; x_wconf 87' lang='lat' dir='ltr'>unanimiter</span> <span class='ocrx_word' id='word_1_81' title='bbox 576 1418 756 1492; x_wconf 75' lang='lat' dir='ltr'>congregatis</span> <span class='ocrx_word' id='word_1_82' title='bbox 778 1417 887 1480; x_wconf 88' lang='lat' dir='ltr'>dicens:</span> <span class='ocrx_word' id='word_1_83' title='bbox 910 1420 978 1480; x_wconf 86' lang='lat' dir='ltr'>Non</span> <span class='ocrx_word' id='word_1_84' title='bbox 999 1435 1106 1494; x_wconf 88' lang='lat' dir='ltr'>omnes,</span> <span class='ocrx_word' id='word_1_85' title='bbox 1131 1420 1180 1494; x_wconf 86' lang='lat' dir='ltr'>qui</span> <span class='ocrx_word' id='word_1_86' title='bbox 1202 1421 1232 1480; x_wconf 88' lang='lat' dir='ltr'>in</span> <span class='ocrx_word' id='word_1_87' title='bbox 1246 1421 1344 1496; x_wconf 85' lang='lat' dir='ltr'>aliqua</span> 
     </span>
     <span class='ocr_line' id='line_1_11' title="bbox 164 1522 1342 1600; baseline 0.002 -18"><span class='ocrx_word' id='word_1_88' title='bbox 164 1536 200 1582; x_wconf 84' lang='lat' dir='ltr'>re</span> <span class='ocrx_word' id='word_1_89' title='bbox 230 1523 415 1582; x_wconf 87' lang='lat' dir='ltr'>consentiunt</span> <span class='ocrx_word' id='word_1_90' title='bbox 442 1529 472 1582; x_wconf 89' lang='lat' dir='ltr'>et</span> <span class='ocrx_word' id='word_1_91' title='bbox 498 1522 627 1596; x_wconf 71' lang='lat' dir='ltr'>eiusdem</span> <span class='ocrx_word' id='word_1_92' title='bbox 653 1523 740 1584; x_wconf 86' lang='lat' dir='ltr'>animi</span> <span class='ocrx_word' id='word_1_93' title='bbox 767 1530 848 1597; x_wconf 89' lang='lat' dir='ltr'>suut,</span> <span class='ocrx_word' id='word_1_94' title='bbox 876 1525 1018 1600; x_wconf 88' lang='lat' dir='ltr'>recipiunt</span> <span class='ocrx_word' id='word_1_95' title='bbox 1044 1526 1176 1600; x_wconf 87' lang='lat' dir='ltr'>spiritum</span> <span class='ocrx_word' id='word_1_96' title='bbox 1203 1529 1342 1586; x_wconf 84' lang='lat' dir='ltr'>sanctum.</span> 
     </span>
     <span class='ocr_line' id='line_1_12' title="bbox 155 1613 1343 1708; baseline 0.005 -22"><span class='ocrx_word' id='word_1_97' title='bbox 155 1627 242 1698; x_wconf 54' lang='lat' dir='ltr'>‚Nam</span> <span class='ocrx_word' id='word_1_98' title='bbox 265 1632 294 1708; x_wconf 83' lang='lat' dir='ltr'>&#39;et</span> <span class='ocrx_word' id='word_1_99' title='bbox 314 1627 450 1700; x_wconf 85' lang='lat' dir='ltr'>pharisaei</span> <span class='ocrx_word' id='word_1_100' title='bbox 471 1632 501 1686; x_wconf 92' lang='lat' dir='ltr'>et</span> <span class='ocrx_word' id='word_1_101' title='bbox 521 1625 668 1702; x_wconf 86' lang='lat' dir='ltr'>poutlfioes</span> <span class='ocrx_word' id='word_1_102' title='bbox 686 1628 839 1701; x_wconf 87' lang='lat' dir='ltr'>potiorque</span> <span class='ocrx_word' id='word_1_103' title='bbox 859 1613 928 1702; x_wconf 84' lang='lat' dir='ltr'>pars</span> <span class='ocrx_word' id='word_1_104' title='bbox 946 1630 1045 1704; x_wconf 90' lang='lat' dir='ltr'>populi</span> <span class='ocrx_word' id='word_1_105' title='bbox 1059 1629 1174 1690; x_wconf 64' lang='lat' dir='ltr'>,Iudaici</span> <span class='ocrx_word' id='word_1_106' title='bbox 1195 1631 1343 1692; x_wconf 80' lang='lat' dir='ltr'>mammes</span> 
     </span>
     <span class='ocr_line' id='line_1_13' title="bbox 166 1729 1343 1808; baseline 0.002 -16"><span class='ocrx_word' id='word_1_107' title='bbox 166 1736 253 1792; x_wconf 74' lang='lat' dir='ltr'>eram</span> <span class='ocrx_word' id='word_1_108' title='bbox 268 1732 395 1792; x_wconf 86' lang='lat' dir='ltr'>etmulti</span> <span class='ocrx_word' id='word_1_109' title='bbox 409 1731 468 1806; x_wconf 84' lang='lat' dir='ltr'>alii,</span> <span class='ocrx_word' id='word_1_110' title='bbox 491 1731 594 1804; x_wconf 82' lang='lat' dir='ltr'>quibus</span> <span class='ocrx_word' id='word_1_111' title='bbox 608 1729 684 1792; x_wconf 85' lang='lat' dir='ltr'>forte</span> <span class='ocrx_word' id='word_1_112' title='bbox 699 1732 774 1792; x_wconf 89' lang='lat' dir='ltr'>idem</span> <span class='ocrx_word' id='word_1_113' title='bbox 789 1734 901 1792; x_wconf 76' lang='lat' dir='ltr'>animm</span> <span class='ocrx_word' id='word_1_114' title='bbox 915 1734 946 1792; x_wconf 93' lang='lat' dir='ltr'>iu</span> <span class='ocrx_word' id='word_1_115' title='bbox 960 1750 1013 1794; x_wconf 88' lang='lat' dir='ltr'>sua</span> <span class='ocrx_word' id='word_1_116' title='bbox 1028 1750 1115 1794; x_wconf 85' lang='lat' dir='ltr'>causa</span> <span class='ocrx_word' id='word_1_117' title='bbox 1129 1740 1201 1808; x_wconf 87' lang='lat' dir='ltr'>erat,</span> <span class='ocrx_word' id='word_1_118' title='bbox 1225 1735 1255 1794; x_wconf 89' lang='lat' dir='ltr'>iu</span> <span class='ocrx_word' id='word_1_119' title='bbox 1270 1733 1343 1794; x_wconf 89' lang='lat' dir='ltr'>urbe</span> 
     </span>
     <span class='ocr_line' id='line_1_14' title="bbox 156 1835 1343 1912; baseline 0.001 -16"><span class='ocrx_word' id='word_1_120' title='bbox 156 1835 365 1908; x_wconf 69' lang='lat' dir='ltr'>¹Hierusalem</span> <span class='ocrx_word' id='word_1_121' title='bbox 394 1851 493 1895; x_wconf 84' lang='lat' dir='ltr'>verum</span> <span class='ocrx_word' id='word_1_122' title='bbox 519 1835 559 1896; x_wconf 88' lang='lat' dir='ltr'>&#39;ad</span> <span class='ocrx_word' id='word_1_123' title='bbox 587 1836 720 1912; x_wconf 77' lang='lat' dir='ltr'>exiguum</span> <span class='ocrx_word' id='word_1_124' title='bbox 741 1836 822 1895; x_wconf 88' lang='lat' dir='ltr'>illum</span> <span class='ocrx_word' id='word_1_125' title='bbox 843 1852 959 1910; x_wconf 77' lang='lat' dir='ltr'><strong>gregem</strong></span> <span class='ocrx_word' id='word_1_126' title='bbox 981 1838 1011 1896; x_wconf 90' lang='lat' dir='ltr'>in</span> <span class='ocrx_word' id='word_1_127' title='bbox 1035 1836 1148 1898; x_wconf 83' lang='lat' dir='ltr'>Christo</span> <span class='ocrx_word' id='word_1_128' title='bbox 1170 1840 1343 1900; x_wconf 87' lang='lat' dir='ltr'>unanimiter</span> 
     </span>
     <span class='ocr_line' id='line_1_15' title="bbox 168 1919 1342 2016; baseline 0 -15"><span class='ocrx_word' id='word_1_129' title='bbox 168 1919 376 2016; x_wconf 76' lang='lat' dir='ltr'>congregatum</span> <span class='ocrx_word' id='word_1_130' title='bbox 396 1941 475 2000; x_wconf 89' lang='lat' dir='ltr'>venit</span> <span class='ocrx_word' id='word_1_131' title='bbox 495 1939 611 2014; x_wconf 88' lang='lat' dir='ltr'>spiritus</span> <span class='ocrx_word' id='word_1_132' title='bbox 631 1945 755 2004; x_wconf 70' lang='lat' dir='ltr'>sammua.</span> <span class='ocrx_word' id='word_1_133' title='bbox 785 1939 853 2000; x_wconf 86' lang='lat' dir='ltr'>Non</span> <span class='ocrx_word' id='word_1_134' title='bbox 872 1941 948 2000; x_wconf 90' lang='lat' dir='ltr'>enim</span> <span class='ocrx_word' id='word_1_135' title='bbox 966 1943 1058 2001; x_wconf 82' lang='lat' dir='ltr'>omnir</span> <span class='ocrx_word' id='word_1_136' title='bbox 1072 1943 1141 2000; x_wconf 88' lang='lat' dir='ltr'>nnio</span> <span class='ocrx_word' id='word_1_137' title='bbox 1155 1941 1219 2000; x_wconf 89' lang='lat' dir='ltr'>Deo</span> <span class='ocrx_word' id='word_1_138' title='bbox 1238 1941 1342 2015; x_wconf 84' lang='lat' dir='ltr'>placet,</span> 
     </span>
     <span class='ocr_line' id='line_1_16' title="bbox 167 2044 1343 2132; baseline 0 -28"><span class='ocrx_word' id='word_1_139' title='bbox 167 2045 221 2105; x_wconf 87' lang='lat' dir='ltr'>aed</span> <span class='ocrx_word' id='word_1_140' title='bbox 236 2061 271 2104; x_wconf 89' lang='lat' dir='ltr'>ea</span> <span class='ocrx_word' id='word_1_141' title='bbox 285 2049 407 2120; x_wconf 82' lang='lat' dir='ltr'>tautum,</span> <span class='ocrx_word' id='word_1_142' title='bbox 430 2060 494 2117; x_wconf 82' lang='lat' dir='ltr'>quae</span> <span class='ocrx_word' id='word_1_143' title='bbox 510 2045 641 2132; x_wconf 70' lang='lat' dir='ltr'>consistit</span> <span class='ocrx_word' id='word_1_144' title='bbox 656 2049 685 2104; x_wconf 89' lang='lat' dir='ltr'>et</span> <span class='ocrx_word' id='word_1_145' title='bbox 699 2049 743 2104; x_wconf 89' lang='lat' dir='ltr'>est</span> <span class='ocrx_word' id='word_1_146' title='bbox 757 2045 788 2104; x_wconf 91' lang='lat' dir='ltr'>iu</span> <span class='ocrx_word' id='word_1_147' title='bbox 808 2046 994 2106; x_wconf 89' lang='lat' dir='ltr'>unanimitate</span> <span class='ocrx_word' id='word_1_148' title='bbox 1013 2046 1044 2104; x_wconf 89' lang='lat' dir='ltr'>in</span> <span class='ocrx_word' id='word_1_149' title='bbox 1059 2044 1172 2104; x_wconf 80' lang='lat' dir='ltr'>Christo</span> <span class='ocrx_word' id='word_1_150' title='bbox 1187 2044 1267 2120; x_wconf 82' lang='lat' dir='ltr'>lesu,</span> <span class='ocrx_word' id='word_1_151' title='bbox 1290 2061 1343 2104; x_wconf 87' lang='lat' dir='ltr'>neo</span> 
     </span>
     <span class='ocr_line' id='line_1_17' title="bbox 166 2147 928 2237; baseline 0 -29"><span class='ocrx_word' id='word_1_152' title='bbox 166 2149 322 2224; x_wconf 80' lang='lat' dir='ltr'>quiequam</span> <span class='ocrx_word' id='word_1_153' title='bbox 336 2147 406 2210; x_wconf 85' lang='lat' dir='ltr'>facit</span> <span class='ocrx_word' id='word_1_154' title='bbox 420 2148 528 2210; x_wconf 85' lang='lat' dir='ltr'>adhoc</span> <span class='ocrx_word' id='word_1_155' title='bbox 542 2150 615 2210; x_wconf 88' lang='lat' dir='ltr'>olias</span> <span class='ocrx_word' id='word_1_156' title='bbox 626 2149 774 2228; x_wconf 81' lang='lat' dir='ltr'>somniare</span> <span class='ocrx_word' id='word_1_157' title='bbox 788 2150 928 2237; x_wconf 75' lang='lat' dir='ltr'>uniones</span> 
     </span>
    </p>

    <p class='ocr_par' dir='ltr' id='par_1_5' title="bbox 164 2250 1343 2654">
     <span class='ocr_line' id='line_1_18' title="bbox 257 2250 1342 2328; baseline 0 -14"><span class='ocrx_word' id='word_1_158' title='bbox 257 2253 368 2314; x_wconf 88' lang='lat' dir='ltr'>Eadem</span> <span class='ocrx_word' id='word_1_159' title='bbox 383 2250 449 2312; x_wconf 88' lang='lat' dir='ltr'>duci</span> <span class='ocrx_word' id='word_1_160' title='bbox 464 2255 601 2315; x_wconf 85' lang='lat' dir='ltr'>Mauritio</span> <span class='ocrx_word' id='word_1_161' title='bbox 616 2253 774 2328; x_wconf 76' lang='lat' dir='ltr'>oblataest</span> <span class='ocrx_word' id='word_1_162' title='bbox 788 2259 888 2316; x_wconf 89' lang='lat' dir='ltr'>nostro</span> <span class='ocrx_word' id='word_1_163' title='bbox 903 2254 1017 2317; x_wconf 88' lang='lat' dir='ltr'>nomine</span> <span class='ocrx_word' id='word_1_164' title='bbox 1032 2255 1212 2328; x_wconf 76' lang='lat' dir='ltr'>supplicatio,</span> <span class='ocrx_word' id='word_1_165' title='bbox 1235 2256 1342 2327; x_wconf 63' lang='lat' dir='ltr'>ierom</span> 
     </span>
     <span class='ocr_line' id='line_1_19' title="bbox 164 2358 1342 2436; baseline -0.001 -16"><span class='ocrx_word' id='word_1_166' title='bbox 164 2361 250 2420; x_wconf 89' lang='lat' dir='ltr'>isait</span> <span class='ocrx_word' id='word_1_167' title='bbox 262 2364 402 2436; x_wconf 72' lang='lat' dir='ltr'>praestare</span> <span class='ocrx_word' id='word_1_168' title='bbox 424 2365 457 2420; x_wconf 89' lang='lat' dir='ltr'>ut</span> <span class='ocrx_word' id='word_1_169' title='bbox 470 2360 617 2420; x_wconf 88' lang='lat' dir='ltr'>archiduoi</span> <span class='ocrx_word' id='word_1_170' title='bbox 637 2358 775 2420; x_wconf 78' lang='lat' dir='ltr'>offeratur</span> <span class='ocrx_word' id='word_1_171' title='bbox 794 2360 946 2433; x_wconf 87' lang='lat' dir='ltr'>scriptum,</span> <span class='ocrx_word' id='word_1_172' title='bbox 970 2359 1020 2432; x_wconf 88' lang='lat' dir='ltr'>qui</span> <span class='ocrx_word' id='word_1_173' title='bbox 1034 2376 1068 2418; x_wconf 89' lang='lat' dir='ltr'>se</span> <span class='ocrx_word' id='word_1_174' title='bbox 1084 2358 1197 2418; x_wconf 82' lang='lat' dir='ltr'>facilem</span> <span class='ocrx_word' id='word_1_175' title='bbox 1212 2359 1342 2436; x_wconf 77' lang='lat' dir='ltr'>prabere</span> 
     </span>
     <span class='ocr_line' id='line_1_20' title="bbox 164 2461 1343 2539; baseline 0 -15"><span class='ocrx_word' id='word_1_176' title='bbox 164 2465 245 2524; x_wconf 85' lang='lat' dir='ltr'>velit.</span> <span class='ocrx_word' id='word_1_177' title='bbox 283 2464 413 2524; x_wconf 81' lang='lat' dir='ltr'>Mauritii</span> <span class='ocrx_word' id='word_1_178' title='bbox 436 2479 556 2539; x_wconf 87' lang='lat' dir='ltr'>oporam</span> <span class='ocrx_word' id='word_1_179' title='bbox 578 2461 660 2524; x_wconf 82' lang='lat' dir='ltr'>nobis</span> <span class='ocrx_word' id='word_1_180' title='bbox 682 2481 739 2524; x_wconf 87' lang='lat' dir='ltr'>nou</span> <span class='ocrx_word' id='word_1_181' title='bbox 761 2464 933 2524; x_wconf 81' lang='lat' dir='ltr'>defuturam.</span> <span class='ocrx_word' id='word_1_182' title='bbox 973 2463 1031 2529; x_wconf 83' lang='lat' dir='ltr'>Sed</span> <span class='ocrx_word' id='word_1_183' title='bbox 1052 2467 1149 2522; x_wconf 89' lang='lat' dir='ltr'>manet</span> <span class='ocrx_word' id='word_1_184' title='bbox 1172 2463 1343 2538; x_wconf 77' lang='lat' dir='ltr'>pervulgata</span> 
     </span>
     <span class='ocr_line' id='line_1_21' title="bbox 165 2569 1288 2654; baseline -0.002 -27"><span class='ocrx_word' id='word_1_185' title='bbox 165 2569 324 2628; x_wconf 85' lang='lat' dir='ltr'>sententia:</span> <span class='ocrx_word' id='word_1_186' title='bbox 347 2569 430 2628; x_wconf 85' lang='lat' dir='ltr'>Vana</span> <span class='ocrx_word' id='word_1_187' title='bbox 445 2573 490 2628; x_wconf 87' lang='lat' dir='ltr'>est</span> <span class='ocrx_word' id='word_1_188' title='bbox 504 2570 581 2629; x_wconf 86' lang='lat' dir='ltr'>salus</span> <span class='ocrx_word' id='word_1_189' title='bbox 595 2570 632 2630; x_wconf 89' lang='lat' dir='ltr'>ab</span> <span class='ocrx_word' id='word_1_190' title='bbox 646 2571 769 2629; x_wconf 90' lang='lat' dir='ltr'>homine.</span> <span class='ocrx_word' id='word_1_191' title='bbox 794 2571 839 2628; x_wconf 90' lang='lat' dir='ltr'>Tu</span> <span class='ocrx_word' id='word_1_192' title='bbox 853 2569 945 2630; x_wconf 87' lang='lat' dir='ltr'>nostri</span> <span class='ocrx_word' id='word_1_193' title='bbox 959 2569 1122 2642; x_wconf 82' lang='lat' dir='ltr'>recordare,</span> <span class='ocrx_word' id='word_1_194' title='bbox 1138 2569 1288 2654; x_wconf 80' lang='lat' dir='ltr'>altissime!</span> 
     </span>
    </p>

    <p class='ocr_par' dir='ltr' id='par_1_6' title="bbox 165 2671 1342 2850">
     <span class='ocr_line' id='line_1_22' title="bbox 256 2671 1342 2758; baseline 0 -26"><span class='ocrx_word' id='word_1_195' title='bbox 256 2673 335 2732; x_wconf 87' lang='lat' dir='ltr'>Nota</span> <span class='ocrx_word' id='word_1_196' title='bbox 354 2671 390 2732; x_wconf 90' lang='lat' dir='ltr'>de</span> <span class='ocrx_word' id='word_1_197' title='bbox 411 2673 555 2734; x_wconf 82' lang='lat' dir='ltr'>discordia</span> <span class='ocrx_word' id='word_1_198' title='bbox 576 2674 748 2748; x_wconf 80' lang='lat' dir='ltr'>Milehlingii</span> <span class='ocrx_word' id='word_1_199' title='bbox 767 2675 796 2733; x_wconf 91' lang='lat' dir='ltr'>et</span> <span class='ocrx_word' id='word_1_200' title='bbox 815 2673 922 2754; x_wconf 75' lang='lat' dir='ltr'>Limlii.</span> <span class='ocrx_word' id='word_1_201' title='bbox 959 2672 1092 2758; x_wconf 81' lang='lat' dir='ltr'>Litorius</span> <span class='ocrx_word' id='word_1_202' title='bbox 1113 2678 1244 2748; x_wconf 76' lang='lat' dir='ltr'>aegrotat,</span> <span class='ocrx_word' id='word_1_203' title='bbox 1268 2671 1342 2732; x_wconf 86' lang='lat' dir='ltr'>alter</span> 
     </span>
     <span class='ocr_line' id='line_1_23' title="bbox 165 2765 930 2850; baseline -0.003 -14"><span class='ocrx_word' id='word_1_204' title='bbox 165 2793 281 2838; x_wconf 89' lang='lat' dir='ltr'>morsus</span> <span class='ocrx_word' id='word_1_205' title='bbox 295 2776 361 2850; x_wconf 89' lang='lat' dir='ltr'>alit,</span> <span class='ocrx_word' id='word_1_206' title='bbox 384 2776 464 2838; x_wconf 87' lang='lat' dir='ltr'>Deus</span> <span class='ocrx_word' id='word_1_207' title='bbox 479 2769 559 2837; x_wconf 72' lang='lat' dir='ltr'>nov&#39;i&#39;t</span> <span class='ocrx_word' id='word_1_208' title='bbox 573 2784 716 2838; x_wconf 85' lang='lat' dir='ltr'>eventum.</span> <span class='ocrx_word' id='word_1_209' title='bbox 928 2765 930 2770; x_wconf 64' lang='grc'>’</span> 
     </span>
    </p>

    <p class='ocr_par' dir='ltr' id='par_1_7' title="bbox 109 2877 1342 2968">
     <span class='ocr_line' id='line_1_24' title="bbox 109 2877 1342 2968; baseline 0 -26"><span class='ocrx_word' id='word_1_210' title='bbox 109 2961 113 2968; x_wconf 26' lang='grc' dir='ltr'>ι</span> <span class='ocrx_word' id='word_1_211' title='bbox 235 2881 368 2942; x_wconf 57' lang='grc' dir='ltr'>Ἐαᾱθω</span> <span class='ocrx_word' id='word_1_212' title='bbox 388 2883 466 2942; x_wconf 88' lang='lat' dir='ltr'>venit</span> <span class='ocrx_word' id='word_1_213' title='bbox 486 2877 659 2944; x_wconf 77' lang='lat' dir='ltr'>secretarius</span> <span class='ocrx_word' id='word_1_214' title='bbox 680 2882 918 2942; x_wconf 82' lang='lat' dir='ltr'>Monastariensis</span> <span class='ocrx_word' id='word_1_215' title='bbox 938 2880 1061 2942; x_wconf 82' lang='lat' dir='ltr'>afferens</span> <span class='ocrx_word' id='word_1_216' title='bbox 1084 2899 1142 2955; x_wconf 86' lang='lat' dir='ltr'>eas,</span> <span class='ocrx_word' id='word_1_217' title='bbox 1167 2898 1231 2955; x_wconf 88' lang='lat' dir='ltr'>quae</span> <span class='ocrx_word' id='word_1_218' title='bbox 1253 2883 1342 2946; x_wconf 87' lang='lat' dir='ltr'>inter·</span> 
     </span>
    </p>

    <p class='ocr_par' dir='ltr' id='par_1_8' title="bbox 165 2985 1342 3798">
     <span class='ocr_line' id='line_1_25' title="bbox 166 2985 1342 3066; baseline -0.001 -21"><span class='ocrx_word' id='word_1_219' title='bbox 166 2991 260 3062; x_wconf 81' lang='lat' dir='ltr'>ceptae</span> <span class='ocrx_word' id='word_1_220' title='bbox 281 2985 460 3059; x_wconf 85' lang='lat' dir='ltr'>videbantur,</span> <span class='ocrx_word' id='word_1_221' title='bbox 483 2987 593 3060; x_wconf 87' lang='lat' dir='ltr'>literas,</span> <span class='ocrx_word' id='word_1_222' title='bbox 617 3002 681 3059; x_wconf 87' lang='lat' dir='ltr'>quae</span> <span class='ocrx_word' id='word_1_223' title='bbox 702 2988 813 3045; x_wconf 73' lang='lat' dir='ltr'>inermia</span> <span class='ocrx_word' id='word_1_224' title='bbox 832 2986 991 3048; x_wconf 86' lang='lat' dir='ltr'>scribarum</span> <span class='ocrx_word' id='word_1_225' title='bbox 1007 2987 1068 3066; x_wconf 74' lang='lat' dir='ltr'>jam</span> <span class='ocrx_word' id='word_1_226' title='bbox 1086 2985 1148 3044; x_wconf 87' lang='lat' dir='ltr'>fere</span> <span class='ocrx_word' id='word_1_227' title='bbox 1167 2985 1342 3058; x_wconf 84' lang='lat' dir='ltr'>septimanas</span> 
     </span>
     <span class='ocr_line' id='line_1_26' title="bbox 167 3087 1340 3166; baseline -0.003 -15"><span class='ocrx_word' id='word_1_228' title='bbox 167 3093 296 3166; x_wconf 87' lang='lat' dir='ltr'>quinque</span> <span class='ocrx_word' id='word_1_229' title='bbox 311 3107 470 3166; x_wconf 77' lang='lat' dir='ltr'>suppressa</span> <span class='ocrx_word' id='word_1_230' title='bbox 490 3090 613 3151; x_wconf 85' lang='lat' dir='ltr'>fueraut.</span> <span class='ocrx_word' id='word_1_231' title='bbox 646 3091 761 3166; x_wconf 76' lang='lat' dir='ltr'>anuuxi</span> <span class='ocrx_word' id='word_1_232' title='bbox 779 3107 849 3164; x_wconf 81' lang='lat' dir='ltr'>ergo</span> <span class='ocrx_word' id='word_1_233' title='bbox 870 3089 1035 3163; x_wconf 88' lang='lat' dir='ltr'>secretario,</span> <span class='ocrx_word' id='word_1_234' title='bbox 1059 3092 1092 3148; x_wconf 91' lang='lat' dir='ltr'>ut</span> <span class='ocrx_word' id='word_1_235' title='bbox 1106 3087 1222 3162; x_wconf 85' lang='lat' dir='ltr'>proesuli</span> <span class='ocrx_word' id='word_1_236' title='bbox 1237 3089 1340 3148; x_wconf 73' lang='lat' dir='ltr'>roseil-</span> 
     </span>
     <span class='ocr_line' id='line_1_27' title="bbox 167 3179 1341 3270; baseline -0.006 -13"><span class='ocrx_word' id='word_1_237' title='bbox 167 3197 260 3270; x_wconf 90' lang='lat' dir='ltr'>beret,</span> <span class='ocrx_word' id='word_1_238' title='bbox 276 3195 354 3256; x_wconf 88' lang='lat' dir='ltr'>mihi</span> <span class='ocrx_word' id='word_1_239' title='bbox 373 3212 432 3254; x_wconf 90' lang='lat' dir='ltr'>non</span> <span class='ocrx_word' id='word_1_240' title='bbox 451 3196 543 3254; x_wconf 86' lang='lat' dir='ltr'>videri</span> <span class='ocrx_word' id='word_1_241' title='bbox 564 3213 600 3256; x_wconf 83' lang='lat' dir='ltr'>ex</span> <span class='ocrx_word' id='word_1_242' title='bbox 617 3211 650 3254; x_wconf 90' lang='lat' dir='ltr'>re</span> <span class='ocrx_word' id='word_1_243' title='bbox 669 3193 740 3270; x_wconf 87' lang='lat' dir='ltr'>fore,</span> <span class='ocrx_word' id='word_1_244' title='bbox 764 3179 845 3264; x_wconf 81' lang='lat' dir='ltr'>utin</span> <span class='ocrx_word' id='word_1_245' title='bbox 861 3194 916 3254; x_wconf 87' lang='lat' dir='ltr'>hoc</span> <span class='ocrx_word' id='word_1_246' title='bbox 931 3195 1046 3268; x_wconf 77' lang='lat' dir='ltr'>negotio</span> <span class='ocrx_word' id='word_1_247' title='bbox 1061 3211 1114 3267; x_wconf 90' lang='lat' dir='ltr'>per</span> <span class='ocrx_word' id='word_1_248' title='bbox 1129 3209 1174 3250; x_wconf 88' lang='lat' dir='ltr'>me</span> <span class='ocrx_word' id='word_1_249' title='bbox 1189 3192 1341 3265; x_wconf 76' lang='lat' dir='ltr'>qucquam</span> 
     </span>
     <span class='ocr_line' id='line_1_28' title="bbox 167 3293 1340 3388; baseline -0.005 -28"><span class='ocrx_word' id='word_1_250' title='bbox 167 3305 313 3376; x_wconf 78' lang='lat' dir='ltr'>ageretur,</span> <span class='ocrx_word' id='word_1_251' title='bbox 337 3300 424 3374; x_wconf 88' lang='lat' dir='ltr'>idque</span> <span class='ocrx_word' id='word_1_252' title='bbox 444 3302 621 3374; x_wconf 89' lang='lat' dir='ltr'>potissimum</span> <span class='ocrx_word' id='word_1_253' title='bbox 644 3301 755 3362; x_wconf 70' lang='lat' dir='ltr'>daubus</span> <span class='ocrx_word' id='word_1_254' title='bbox 778 3293 941 3374; x_wconf 78' lang='lat' dir='ltr'>decausis,</span> <span class='ocrx_word' id='word_1_255' title='bbox 965 3316 1024 3358; x_wconf 88' lang='lat' dir='ltr'>una</span> <span class='ocrx_word' id='word_1_256' title='bbox 1045 3297 1124 3372; x_wconf 87' lang='lat' dir='ltr'>quod</span> <span class='ocrx_word' id='word_1_257' title='bbox 1145 3295 1340 3388; x_wconf 27' lang='lat' dir='ltr'>tempus-diu·</span> 
     </span>
     <span class='ocr_line' id='line_1_29' title="bbox 167 3397 1340 3480; baseline -0.004 -16"><span class='ocrx_word' id='word_1_258' title='bbox 167 3406 260 3464; x_wconf 87' lang='lat' dir='ltr'>tinum</span> <span class='ocrx_word' id='word_1_259' title='bbox 275 3404 484 3463; x_wconf 85' lang='lat' dir='ltr'>intercessisset</span> <span class='ocrx_word' id='word_1_260' title='bbox 498 3411 527 3464; x_wconf 91' lang='lat' dir='ltr'>et</span> <span class='ocrx_word' id='word_1_261' title='bbox 540 3422 586 3463; x_wconf 90' lang='lat' dir='ltr'>me</span> <span class='ocrx_word' id='word_1_262' title='bbox 601 3406 700 3480; x_wconf 83' lang='lat' dir='ltr'>lateat,</span> <span class='ocrx_word' id='word_1_263' title='bbox 724 3422 791 3464; x_wconf 88' lang='lat' dir='ltr'>num</span> <span class='ocrx_word' id='word_1_264' title='bbox 812 3406 925 3464; x_wconf 85' lang='lat' dir='ltr'>interea</span> <span class='ocrx_word' id='word_1_265' title='bbox 942 3404 1079 3478; x_wconf 88' lang='lat' dir='ltr'>temporis</span> <span class='ocrx_word' id='word_1_266' title='bbox 1099 3403 1155 3460; x_wconf 91' lang='lat' dir='ltr'>huc</span> <span class='ocrx_word' id='word_1_267' title='bbox 1176 3397 1255 3460; x_wconf 83' lang='lat' dir='ltr'>eliud</span> <span class='ocrx_word' id='word_1_268' title='bbox 1274 3417 1340 3476; x_wconf 89' lang='lat' dir='ltr'>per-</span> 
     </span>
     <span class='ocr_line' id='line_1_30' title="bbox 168 3498 1341 3592; baseline -0.008 -21"><span class='ocrx_word' id='word_1_269' title='bbox 168 3511 312 3584; x_wconf 84' lang='lat' dir='ltr'>scriptum</span> <span class='ocrx_word' id='word_1_270' title='bbox 323 3509 404 3592; x_wconf 79' lang='lat' dir='ltr'>sitin</span> <span class='ocrx_word' id='word_1_271' title='bbox 418 3498 506 3578; x_wconf 79' lang='lat' dir='ltr'>causa</span> <span class='ocrx_word' id='word_1_272' title='bbox 519 3509 583 3583; x_wconf 86' lang='lat' dir='ltr'>hac,</span> <span class='ocrx_word' id='word_1_273' title='bbox 607 3527 645 3569; x_wconf 89' lang='lat' dir='ltr'>an</span> <span class='ocrx_word' id='word_1_274' title='bbox 660 3526 754 3584; x_wconf 89' lang='lat' dir='ltr'>seous;</span> <span class='ocrx_word' id='word_1_275' title='bbox 778 3513 871 3570; x_wconf 86' lang='lat' dir='ltr'>altera</span> <span class='ocrx_word' id='word_1_276' title='bbox 891 3509 969 3588; x_wconf 87' lang='lat' dir='ltr'>quod</span> <span class='ocrx_word' id='word_1_277' title='bbox 989 3509 1074 3567; x_wconf 90' lang='lat' dir='ltr'>sciret</span> <span class='ocrx_word' id='word_1_278' title='bbox 1093 3523 1145 3572; x_wconf 83' lang='lat' dir='ltr'>uos</span> <span class='ocrx_word' id='word_1_279' title='bbox 1165 3506 1297 3570; x_wconf 36' lang='lat' dir='ltr'>nondum,</span> <span class='ocrx_word' id='word_1_280' title='bbox 1312 3505 1341 3562; x_wconf 91' lang='lat' dir='ltr'>in</span> 
     </span>
     <span class='ocr_line' id='line_1_31' title="bbox 165 3609 1339 3697; baseline -0.007 -23"><span class='ocrx_word' id='word_1_281' title='bbox 165 3615 292 3697; x_wconf 78' lang='lat' dir='ltr'>gratiam</span> <span class='ocrx_word' id='word_1_282' title='bbox 307 3612 345 3672; x_wconf 88' lang='lat' dir='ltr'>ab</span> <span class='ocrx_word' id='word_1_283' title='bbox 361 3614 534 3686; x_wconf 82' lang='lat' dir='ltr'>imperatore</span> <span class='ocrx_word' id='word_1_284' title='bbox 548 3621 689 3688; x_wconf 84' lang='lat' dir='ltr'>receptos.</span> <span class='ocrx_word' id='word_1_285' title='bbox 713 3615 763 3676; x_wconf 88' lang='lat' dir='ltr'>Sin</span> <span class='ocrx_word' id='word_1_286' title='bbox 777 3633 847 3675; x_wconf 89' lang='lat' dir='ltr'>vero</span> <span class='ocrx_word' id='word_1_287' title='bbox 861 3617 965 3674; x_wconf 88' lang='lat' dir='ltr'>iterato</span> <span class='ocrx_word' id='word_1_288' title='bbox 978 3615 1127 3686; x_wconf 87' lang='lat' dir='ltr'>episcopus</span> <span class='ocrx_word' id='word_1_289' title='bbox 1138 3609 1339 3682; x_wconf 67' lang='lat' dir='ltr'>inadjutos,</span> 
     </span>
     <span class='ocr_line' id='line_1_32' title="bbox 166 3713 1130 3798; baseline -0.003 -20"><span class='ocrx_word' id='word_1_290' title='bbox 166 3737 214 3780; x_wconf 91' lang='lat' dir='ltr'>me</span> <span class='ocrx_word' id='word_1_291' title='bbox 228 3719 268 3780; x_wconf 87' lang='lat' dir='ltr'>ad</span> <span class='ocrx_word' id='word_1_292' title='bbox 282 3720 378 3778; x_wconf 87' lang='lat' dir='ltr'>omnia</span> <span class='ocrx_word' id='word_1_293' title='bbox 392 3723 533 3794; x_wconf 84' lang='lat' dir='ltr'>paratum.</span> <span class='ocrx_word' id='word_1_294' title='bbox 632 3737 636 3743; x_wconf 91' lang='lat'>·</span> <span class='ocrx_word' id='word_1_295' title='bbox 839 3713 841 3716; x_wconf 76' lang='grc'><strong>’</strong></span> <span class='ocrx_word' id='word_1_296' title='bbox 1129 3791 1130 3798; x_wconf 12' lang='lat'>¹</span> 
     </span>
    </p>

    <p class='ocr_par' dir='ltr' id='par_1_9' title="bbox 151 3815 1341 4117">
     <span class='ocr_line' id='line_1_33' title="bbox 259 3815 1341 3904; baseline -0.007 -22"><span class='ocrx_word' id='word_1_297' title='bbox 259 3821 319 3882; x_wconf 86' lang='lat' dir='ltr'>Sub</span> <span class='ocrx_word' id='word_1_298' title='bbox 338 3827 450 3882; x_wconf 86' lang='lat' dir='ltr'>noctem</span> <span class='ocrx_word' id='word_1_299' title='bbox 469 3839 568 3884; x_wconf 89' lang='lat' dir='ltr'>rumor</span> <span class='ocrx_word' id='word_1_300' title='bbox 583 3823 716 3904; x_wconf 69' lang='lat' dir='ltr'>solorius</span> <span class='ocrx_word' id='word_1_301' title='bbox 737 3827 781 3882; x_wconf 89' lang='lat' dir='ltr'>est</span> <span class='ocrx_word' id='word_1_302' title='bbox 799 3823 829 3880; x_wconf 81' lang='lat' dir='ltr'>in</span> <span class='ocrx_word' id='word_1_303' title='bbox 849 3821 959 3882; x_wconf 86' lang='lat' dir='ltr'>aedibus</span> <span class='ocrx_word' id='word_1_304' title='bbox 979 3817 1177 3896; x_wconf 70' lang='lat' dir='ltr'>landtgraviae</span> <span class='ocrx_word' id='word_1_305' title='bbox 1200 3815 1341 3874; x_wconf 85' lang='lat' dir='ltr'>loannem</span> 
     </span>
     <span class='ocr_line' id='line_1_34' title="bbox 167 3921 1340 4010; baseline -0.006 -24"><span class='ocrx_word' id='word_1_306' title='bbox 167 3926 288 3986; x_wconf 83' lang='lat' dir='ltr'>fratrem</span> <span class='ocrx_word' id='word_1_307' title='bbox 302 3928 482 4010; x_wconf 73' lang='lat' dir='ltr'>vulneratum</span> <span class='ocrx_word' id='word_1_308' title='bbox 498 3943 569 3998; x_wconf 83' lang='lat' dir='ltr'>esse,</span> <span class='ocrx_word' id='word_1_309' title='bbox 594 3926 646 3985; x_wconf 88' lang='lat' dir='ltr'>sed</span> <span class='ocrx_word' id='word_1_310' title='bbox 666 3943 731 3984; x_wconf 86' lang='lat' dir='ltr'>mox</span> <span class='ocrx_word' id='word_1_311' title='bbox 745 3927 887 3985; x_wconf 83' lang='lat' dir='ltr'>loannem</span> <span class='ocrx_word' id='word_1_312' title='bbox 906 3925 1036 3990; x_wconf 83' lang='lat' dir='ltr'>comitem</span> <span class='ocrx_word' id='word_1_313' title='bbox 1058 3921 1237 3994; x_wconf 79' lang='lat' dir='ltr'>aRothberg&#39;</span> <span class='ocrx_word' id='word_1_314' title='bbox 1257 3937 1340 3996; x_wconf 89' lang='lat' dir='ltr'>ape·</span> 
     </span>
     <span class='ocr_line' id='line_1_35' title="bbox 151 4029 1239 4117; baseline -0.007 -26"><span class='ocrx_word' id='word_1_315' title='bbox 151 4093 154 4100; x_wconf 38' lang='lat'>,</span> <span class='ocrx_word' id='word_1_316' title='bbox 168 4030 276 4094; x_wconf 88' lang='lat' dir='ltr'>ditibus</span> <span class='ocrx_word' id='word_1_317' title='bbox 291 4031 443 4112; x_wconf 84' lang='lat' dir='ltr'>nonnullus</span> <span class='ocrx_word' id='word_1_318' title='bbox 459 4034 489 4089; x_wconf 89' lang='lat' dir='ltr'>et</span> <span class='ocrx_word' id='word_1_319' title='bbox 502 4029 619 4090; x_wconf 85' lang='lat' dir='ltr'>brachio</span> <span class='ocrx_word' id='word_1_320' title='bbox 635 4035 664 4091; x_wconf 92' lang='lat' dir='ltr'>et</span> <span class='ocrx_word' id='word_1_321' title='bbox 679 4048 763 4091; x_wconf 88' lang='lat' dir='ltr'>mauu</span> <span class='ocrx_word' id='word_1_322' title='bbox 778 4031 972 4103; x_wconf 83' lang='lat' dir='ltr'>vulneratum,</span> <span class='ocrx_word' id='word_1_323' title='bbox 996 4032 1176 4117; x_wconf 78' lang='lat' dir='ltr'>compertum.</span> <span class='ocrx_word' id='word_1_324' title='bbox 1187 4029 1239 4084; x_wconf 89' lang='lat' dir='ltr'>est.</span> 
     </span>
    </p>

    <p class='ocr_par' dir='ltr' id='par_1_10' title="bbox 166 4113 1342 4314">
     <span class='ocr_line' id='line_1_36' title="bbox 257 4113 1342 4210; baseline -0.006 -16"><span class='ocrx_word' id='word_1_325' title='bbox 257 4115 392 4210; x_wconf 74' lang='lat' dir='ltr'>Erigitur</span> <span class='ocrx_word' id='word_1_326' title='bbox 406 4151 536 4194; x_wconf 87' lang='lat' dir='ltr'>nummus</span> <span class='ocrx_word' id='word_1_327' title='bbox 552 4135 588 4194; x_wconf 87' lang='lat' dir='ltr'>ab</span> <span class='ocrx_word' id='word_1_328' title='bbox 604 4136 733 4210; x_wconf 87' lang='lat' dir='ltr'>imperio,</span> <span class='ocrx_word' id='word_1_329' title='bbox 743 4141 771 4195; x_wconf 90' lang='lat' dir='ltr'>et</span> <span class='ocrx_word' id='word_1_330' title='bbox 786 4135 889 4195; x_wconf 87' lang='lat' dir='ltr'>dicitur</span> <span class='ocrx_word' id='word_1_331' title='bbox 904 4134 941 4193; x_wconf 91' lang='lat' dir='ltr'>ab</span> <span class='ocrx_word' id='word_1_332' title='bbox 956 4134 1099 4207; x_wconf 89' lang='lat' dir='ltr'>aliquibus</span> <span class='ocrx_word' id='word_1_333' title='bbox 1113 4135 1214 4190; x_wconf 80' lang='lat' dir='ltr'>contra</span> <span class='ocrx_word' id='word_1_334' title='bbox 1228 4113 1342 4190; x_wconf 88' lang='lat' dir='ltr'>interim</span> 
     </span>
     <span class='ocr_line' id='line_1_37' title="bbox 166 4239 531 4314; baseline 0 -16"><span class='ocrx_word' id='word_1_335' title='bbox 166 4239 241 4300; x_wconf 89' lang='lat' dir='ltr'>illud</span> <span class='ocrx_word' id='word_1_336' title='bbox 254 4245 444 4314; x_wconf 84' lang='lat' dir='ltr'>protestatum</span> <span class='ocrx_word' id='word_1_337' title='bbox 460 4257 531 4300; x_wconf 87' lang='lat' dir='ltr'>esse.</span> 
     </span>
    </p>

    <p class='ocr_par' dir='ltr' id='par_1_11' title="bbox 258 4343 1341 4418">
     <span class='ocr_line' id='line_1_38' title="bbox 258 4343 1341 4418; baseline -0.006 -15"><span class='ocrx_word' id='word_1_338' title='bbox 258 4345 306 4418; x_wconf 81' lang='lat' dir='ltr'>xxj</span> <span class='ocrx_word' id='word_1_339' title='bbox 323 4346 473 4418; x_wconf 88' lang='lat' dir='ltr'>intemplo</span> <span class='ocrx_word' id='word_1_340' title='bbox 488 4346 617 4404; x_wconf 89' lang='lat' dir='ltr'>Mauritii</span> <span class='ocrx_word' id='word_1_341' title='bbox 633 4345 660 4404; x_wconf 93' lang='lat' dir='ltr'>d.</span> <span class='ocrx_word' id='word_1_342' title='bbox 676 4346 803 4405; x_wconf 89' lang='lat' dir='ltr'>Joannes</span> <span class='ocrx_word' id='word_1_343' title='bbox 818 4344 960 4402; x_wconf 88' lang='lat' dir='ltr'>Henricus</span> <span class='ocrx_word' id='word_1_344' title='bbox 982 4343 1166 4402; x_wconf 87' lang='lat' dir='ltr'>concionatus</span> <span class='ocrx_word' id='word_1_345' title='bbox 1182 4344 1235 4414; x_wconf 88' lang='lat' dir='ltr'>est,</span> <span class='ocrx_word' id='word_1_346' title='bbox 1259 4355 1341 4414; x_wconf 88' lang='lat' dir='ltr'>repe·</span> 
     </span>
    </p>

    <p class='ocr_par' dir='ltr' id='par_1_12' title="bbox 169 4431 1343 4540">
     <span class='ocr_line' id='line_1_39' title="bbox 169 4431 1343 4540; baseline -0.007 -30"><span class='ocrx_word' id='word_1_347' title='bbox 169 4458 235 4510; x_wconf 88' lang='lat' dir='ltr'>tens</span> <span class='ocrx_word' id='word_1_348' title='bbox 247 4466 301 4540; x_wconf 57' lang='grc' dir='ltr'>βα,</span> <span class='ocrx_word' id='word_1_349' title='bbox 326 4465 390 4524; x_wconf 73' lang='lat' dir='ltr'>quse</span> <span class='ocrx_word' id='word_1_350' title='bbox 411 4466 446 4510; x_wconf 83' lang='lat' dir='ltr'>ex</span> <span class='ocrx_word' id='word_1_351' title='bbox 467 4431 530 4523; x_wconf 76' lang='lat' dir='ltr'>cap.</span> <span class='ocrx_word' id='word_1_352' title='bbox 553 4451 591 4523; x_wconf 90' lang='lat' dir='ltr'>xij</span> <span class='ocrx_word' id='word_1_353' title='bbox 613 4450 747 4531; x_wconf 83' lang='lat' dir='ltr'>epistolae.</span> <span class='ocrx_word' id='word_1_354' title='bbox 763 4449 801 4508; x_wconf 88' lang='lat' dir='ltr'>ad</span> <span class='ocrx_word' id='word_1_355' title='bbox 820 4435 967 4509; x_wconf 50' lang='lat' dir='ltr'>Romanos*</span> <span class='ocrx_word' id='word_1_356' title='bbox 986 4447 1131 4520; x_wconf 86' lang='lat' dir='ltr'>docuerat,</span> <span class='ocrx_word' id='word_1_357' title='bbox 1155 4461 1189 4538; x_wconf 66' lang='lat' dir='ltr'>ap</span> <span class='ocrx_word' id='word_1_358' title='bbox 1211 4443 1343 4528; x_wconf 80' lang='lat' dir='ltr'>praelegit</span> 
     </span>
    </p>
   </div>
   <div class='ocr_carea' id='block_1_3' title="bbox 0 0 1529 5104">
    <p class='ocr_par' dir='ltr' id='par_1_13' title="bbox 0 0 1529 5104">
     <span class='ocr_line' id='line_1_40' title="bbox 0 0 1529 5104; baseline 0 0"><span class='ocrx_word' id='word_1_359' title='bbox 0 0 1529 5104; x_wconf 95' lang='lat' dir='ltr'> </span> 
     </span>
    </p>
   </div>
  </div>
 </body>
</html>
