3046 5104
705 417 767 488 ffl

140 605 213 666 eno
236 553 370 666 memo
392 601 738 680 mitescentem
758 605 895 666 nouom
915 605 981 669 nne
1003 619 1038 666 ιι
1060 606 1128 668 cm
1148 607 1319 686 ιιιιιιιιιιι.

18 763 20 770 ,
142 709 260 772 Deinde
273 708 428 783 hospitium
436 707 581 770 wilhelmi
596 713 769 785 repetentes,
786 715 820 770 ut
831 720 881 770 res
896 715 1052 772 euenerunt
1066 709 1318 785 illireierebamuo‚

142 816 263 878 orentes
277 820 310 874 ut
324 815 388 890 ipse
403 814 440 874 ab
454 812 669 890 archiepiscopo
684 815 890 890 sciscitaretur,
913 815 1048 890 quidnam
1063 816 1260 878 Atrebatemis
1273 832 1319 880 re-

141 919 322 997 spondisset,
351 917 430 994 qnod
456 924 487 980 ot
509 929 539 978 se
563 915 704 980 tenturum
727 921 866 994 promisit.
904 919 992 996 enoc
1015 922 1090 982 huno
1110 922 1186 982 inter
1209 929 1320 984 eeteros

141 1041 270 1102 prensus
288 1029 352 1086 eret
371 1022 595 1098 christophorus
613 1024 746 1099 princeps
766 1025 985 1102 awirtenbcrg
998 1031 1135 1090 etcomec
1150 1025 1319 1088 Montisbei-

142 1130 262 1205 licendi,
285 1129 390 1190 Petrus
405 1147 424 1190 e
437 1129 571 1204 Kunritz,
585 1129 706 1190 ioannis
721 1129 863 1190 ihiderici
878 1131 1233 1206 elector-iomarsohnlcus,
1255 1133 1320 1196 Fri·

143 1237 259 1298 ‹ierioos
273 1236 311 1297 ab
326 1235 496 1311 Oettingen,
513 1234 600 1296 Ottho
614 1251 633 1296 e
648 1233 852 1310 Sohaumherg,
869 1243 898 1298 et
912 1236 1082 1298 Wiihelmus
1096 1255 1115 1298 a
1129 1237 1320 1312 Witgensteiu

143 1343 272 1404 comites.
688 1383 697 1392 ,

123 1465 126 1472 ’
234 1445 346 1508 Eadem
370 1447 426 1506 emi
448 1446 586 1521 jussimus
613 1447 767 1521 pugionem
787 1446 956 1510 cumeum
976 1447 1197 1510 bilibaidioom
1189 1465 1220 1508 ιιι
1240 1465 1321 1510 usum

143 1552 293 1614 wilhelmi
306 1553 419 1634 comitis
434 1552 471 1614 eb
481 1549 672 1628 Henneberg,
695 1569 779 1627 quem
794 1568 858 1614 oum
871 1554 970 1628 magni
989 1554 1045 1613 emi
1065 1559 1244 1629 putaremus,
1267 1567 1320 1629 pro

139 1665 203 1720 ‘nnc
217 1659 333 1720 thelero
349 1657 584 1732 comparavimus.

232 1763 368 1824 Hoeceine
383 1763 445 1824 dies
460 1762 566 1836 docuit,
582 1775 669 1836 quem
683 1764 836 1836 cerumsit,
851 1764 919 1830 itae
928 1769 1032 1824 natura
1042 1769 1237 1838 compunctum
1248 1781 1320 1839 esse,

143 1875 175 1930 ut
189 1848 402 1944 potentioribus
417 1867 612 1943 blandiamur,
635 1867 749 1928 etiamsi
764 1881 863 1928 eorum
877 1869 987 1928 animos
1001 1855 1091 1944 probe
1111 1885 1180 1944 erga
1199 1887 1251 1930 nos
1270 1887 1320 1932 ex·

145 1976 222 2050 perti
237 1973 336 2049 simun,
352 1989 389 2034 ne
402 1972 439 2034 (ie
453 1972 541 2040 itione
556 1973 669 2048 injuriis
681 1971 785 2032 dicum.

234 2079 328 2140 Adest
342 2084 372 2140 et
385 2076 433 2138 hic
446 2078 595 2154 Auguste
599 2078 728 2138 ioannes
742 2079 878 2140 Kesseler
893 2077 1008 2143 Kelden
1024 2077 1246 2140 Fhitnieriensis.

126 2201 151 2218 ··
237 2183 360 2244 Domine
383 2184 467 2259 deus,
491 2185 522 2244 in
544 2187 624 2260 cujus
644 2199 730 2244 manu
750 2199 848 2246 omnes
868 2182 941 2246 fines
959 2191 1047 2244 tenuo
1061 2191 1129 2246 sunt
1142 2200 1195 2244 nec
1215 2199 1273 2246 non
1293 2193 1323 2246 et

142 2289 235 2360 corda
255 2305 357 2365 regum
379 2295 409 2350 et
431 2280 605 2366 principum,
636 2290 686 2364 qui
709 2289 784 2350 nosti
806 2291 892 2351 etiem
915 2290 972 2350 tuis
992 2305 1028 2350 er
1048 2291 1169 2350 inimicis
1199 2292 1329 2360 suumn

142 2396 229 2472 inre,
250 2409 288 2456 ne
303 2397 380 2456 sines
394 2396 480 2470 erugi
493 2397 660 2470 pauperiem
675 2409 789 2471 eormn,
802 2397 914 2470 ouibus
929 2413 975 2458 me
989 2413 1114 2472 praeesse
1132 2397 1262 2473 voluisti,
1284 2415 1321 2460 ne

143 2503 334 2565 calumnietur
348 2504 426 2564 inter
440 2517 490 2563 eos
505 2517 609 2562 nomen
622 2508 703 2562 tuum
719 2507 748 2562 et
762 2503 864 2578 pupilli
878 2517 913 2562 ec
927 2501 1021 2584 vidum
1036 2504 1163 2583 lugeant,
1179 2509 1321 2586 memento

35 2629 39 2633 ·
142 2607 491 2694 miserationum'tuurum
505 2609 687 2681 annqmrun
703 2613 733 2668 et
746 2607 900 2681 aliquando
915 2623 1068 2668 conversus
1082 2625 1135 2670 nos
1155 2611 1185 2668 in
1207 2609 1321 2670 Ohrietc

132 2714 261 2774 ,domino
278 2714 405 2788 respice,
428 2714 478 2787 qui
500 2718 595 2774 tecum
615 2717 644 2772 et
663 2727 726 2772 eum
747 2729 770 2772 s.
792 2712 894 2785 optrito
913 2698 984 2773 ¹uiuit
1003 2719 1033 2772 et
1052 2719 1154 2788 regnat
1172 2715 1202 2772 in
1218 2730 1320 2790 perpo-

143 2825 234 2880 tnum
270 2819 371 2878 Amen.
915 2849 917 2856 ν

235 2924 293 2997 Qui
307 2924 347 2985 ad
360 2917 493 2986 Rhenum
508 2928 717 2986 commorantes
732 2923 787 2982 hue
801 2929 954 2998 venerunt,
978 2925 1077 2984 vineas
1092 2930 1122 2984 et
1137 2929 1249 2998 segetes
1270 2923 1321 2986 bo·
1356 2969 1359 2976 -

147 3045 215 3092 num
230 3045 311 3104 spem
322 3026 472 3091 fertilioris
486 3031 556 3092 enni
570 3029 743 3106 portendere
756 3029 865 3090 dicunt.

73 3205 75 3208 ,
234 3134 345 3196 Eodem
360 3135 507 3203 nobiscnm
521 3136 646 3196 omnam
659 3135 696 3196 N.
713 3153 731 3196 a
746 3134 1016 3207 Schwartueuetein,
1037 3131 1204 3194 adolescens
1218 3133 1322 3194 nobilis

145 3257 183 3303 ex
201 3241 303 3305 solide
322 3239 504 3316 leudtgruuii.
534 3241 591 3314 Hic
610 3241 693 3302 nohis
712 3242 824 3314 retulit,
846 3241 924 3315 qnod
941 3240 1060 3300 domine
1078 3241 1211 3315 princeps
1232 3257 1322 3314 usque

145 3350 176 3408 in
190 3346 268 3406 huno
288 3347 364 3408 diem
383 3347 574 3422 Heilprunnce
595 3327 826 3422 apuu-maritum
845 3345 946 3422 fuerit,
970 3352 1000 3407 et
1020 3327 1077 3421 que
1096 3347 1274 3407 humanitate
1285 3351 1323 3406 et

145 3454 257 3514 honore
271 3444 350 3512 iilum
364 3451 442 3512 Iheri
456 3453 754 3528 msiitesaooeperint,
778 3459 991 3534 torneamento,
1012 3459 1045 3514 ut
1059 3459 1175 3528 vocant,
1196 3458 1226 3513 et
1239 3453 1323 3513 ludos

146 3540 286 3620 militares
316 3559 494 3620 instituerint
521 3575 556 3620 ec
581 3574 682 3620 cenem
706 3561 828 3620 sericam
851 3559 970 3622 choreas
994 3555 1125 3621 ducendo
1151 3556 1322 3635 inflexerint.

146 3667 220 3725 Item
235 3664 312 3742 ιιιιοιι
326 3665 500 3740 pedissequo
515 3665 652 3740 principis
667 3655 749 3740 virgo
764 3663 801 3736 ie
825 3663 1024 3724 Breidenbuch
1041 3679 1080 3728 ¹en
1099 3659 1176 3722 nmo
1197 3663 1323 3735 pulveris
1349 3735 1356 3749 ·

146 3771 328 3832 tormentari
343 3785 419 3846 pene
433 3771 640 3836 erumnineta
653 3776 684 3832 et
704 3749 936 3832 oxnncminerit
955 3773 984 3826 et
1006 3766 1084 3839 quod
1103 3763 1197 3824 adhuc
1216 3767 1246 3826 in
1265 3768 1322 3828 lec

148 3877 206 3938 tice
221 3875 457 3936 circumrotetur.
489 3877 561 3937 Item
576 3877 653 3950 quod
667 3875 811 3934 Adnnnns
826 3889 845 3932 e
859 3873 981 3932 Zertaen
997 3877 1132 3934 consueto
1152 3867 1203 3932 suc
1223 3872 1324 3932 morbo

147 3983 280 4060 podagre
293 3981 416 4044 luberet.
472 4042 473 4046 ,
496 3967 500 3971 ’
537 4016 542 4030 =
969 3995 972 4004 ¹

193 4100 214 4157 J
238 4087 381 4162 Georgius
411 4083 602 4161 ehiolsperg
624 4085 732 4146 ventris
755 4081 925 4145 torminibus
947 4082 1099 4144 dirissime
1112 4085 1257 4144 mucietus
1278 4085 1324 4144 sit.

149 4193 261 4255 Ductor
276 4192 418 4268 Georgius
432 4208 452 4252 e
465 4189 656 4266 Boumelberg
671 4189 749 4250 tibiae
765 4187 992 4250 inflammatione
1003 4193 1132 4250 vexetur.
1160 4192 1233 4250 Item
1248 4191 1324 4265 quod

149 4315 288 4375 equorum
307 4297 486 4361 incommode
505 4295 621 4358 demine
635 4296 787 4371 princeps
783 4309 869 4370 pesse
883 4295 930 4354 sit.
958 4294 1122 4416 Philippum
1137 4299 1232 4409 eutem
1237 4297 1357 4408 prin·

150 4407 242 4480 eipem
256 4405 405 4478 Eslingem
420 4402 579 4465 ducendum
594 4403 644 4463 eit

179 4508 319 4572 Nota
343 4509 378 4572 de
403 4508 579 4587 Conopceo
567 4525 602 4569 ιιι
625 4505 741 4570 Vuerde
760 4506 802 4570 ud
823 4503 987 4568 Danubium
1009 4507 1152 4583 principe,
1165 4557 1168 4574 ,
1180 4503 1324 4582 vigilibus.
