3020 5112
661 426 726 493 cat

107 621 208 668 rernm
223 607 354 668 mundo.
386 607 445 668 Sed
459 611 504 668 est
518 605 645 683 (onusto
659 606 735 683 laus)
750 609 801 682 qui
814 609 896 670 nobis
910 613 1041 684 potentes
1056 615 1190 684 potenter
1204 626 1284 672 ever·

105 717 170 772 tere
184 717 290 787 potest.

197 814 309 876 Eadem
324 816 436 876 Jostum
453 815 542 889 Sophi
556 815 876 902 Wimariamlmisimus.

196 921 309 982 Eadem
333 921 448 996 domina
470 937 568 980 socrus
586 921 754 984 Wimariam
778 923 985 1000 proficiscitur,
1015 941 1111 986 secum
1138 924 1283 986 abducens

110 1025 267 1086 Aemiliam
283 1031 313 1084 et
326 1026 441 1086 Annam
455 1026 579 1086 Mariam
594 1025 677 1088 filias.
701 1029 828 1090 Uxorem
843 1048 957 1106 quoque
973 1031 1099 1092 doctoris
1113 1030 1284 1099 Malchionis
1396 1087 1403 1106 ,

109 1131 145 1192 de
162 1130 246 1196 Ossa.
270 1131 520 1205 tentoriumque
536 1132 705 1192 Wimariam
729 1139 813 1194 erant
834 1133 974 1210 Georgius
988 1137 1129 1198 Ernestns
1151 1138 1284 1224 princeps

109 1243 139 1297 at
152 1251 249 1296 comes
263 1237 294 1294 in
307 1235 500 1310 Henneberg,
525 1235 689 1296 Friderious
704 1253 723 1296 a
738 1238 959 1314 Wangonheim,
985 1241 1163 1302 consiliarius
1179 1240 1283 1302 ducum

109 1341 244 1402 saxonia
260 1345 289 1400 et
303 1339 353 1398 alii
366 1340 444 1398 inter
463 1337 551 1398 filiam
572 1340 690 1400 Henrioi
716 1344 826 1404 comitis
842 1361 860 1404 a
875 1345 1138 1435 Schwartzburget
1153 1343 1281 1405 Gunthe·

26 1496 28 1500 ,
108 1463 172 1506 rum
187 1446 321 1506 comitem
335 1461 354 1504 a
369 1445 588 1520 sehuormburg
602 1463 689 1508 causa
703 1445 777 1507 dotis
792 1451 893 1510 acturi.

199 1548 311 1610 Eadem
327 1555 357 1610 et
370 1550 513 1610 Henricus
529 1567 547 1610 a
561 1549 732 1612 Wildenfels
744 1543 827 1614 abiit.

201 1656 306 1715 Soorns
324 1661 528 1729 pemoctatura
548 1659 611 1714 erat
633 1655 711 1729 apud
724 1655 904 1718 Friderieum
919 1676 937 1718 a
951 1659 1122 1720 Witulebon.
1160 1658 1222 1719 Nos
1237 1659 1281 1718 in-

108 1762 198 1822 terim
213 1762 290 1846 inter
305 1775 384 1833 spem
398 1765 561 1833 metumque
577 1761 706 1833 suspensi
720 1763 763 1820 rei
779 1764 886 1822 exitum
901 1763 1129 1836 expectabamus.

199 1865 227 1924 A
242 1879 325 1924 uoena
340 1879 403 1930 cum
420 1864 534 1924 domina
548 1863 584 1924 de
599 1863 794 1942 Wildenielss,
810 1867 870 1928 lilia
884 1870 945 1942 ejus
959 1868 1127 1942 Margareta
1142 1882 1176 1926 ao
1190 1881 1283 1926 uxore

108 1970 168 2030 eibi
184 1969 336 2044 digerendi
350 1971 445 2045 gralia
459 1970 489 2028 in
503 1986 598 2032 arcem
619 1969 664 2048 (ut
677 1970 794 2047 vocant)
814 1978 942 2034 ueterem
961 1973 1086 2052 ibamus,
1119 1973 1174 2032 Est
1187 1976 1283 2030 autem

109 2091 212 2136 murus
229 2076 289 2135 orci
304 2075 464 2150 proximus,
487 2075 537 2134 ubi
557 2074 651 2134 adhuc
668 2073 854 2138 fundamenta
875 2084 904 2140 et
923 2080 1060 2138 maneries
1081 2078 1205 2136 ruinosa
1224 2079 1281 2136 vis·

109 2187 212 2242 untur.
251 2179 299 2240 Ad
318 2180 402 2254 hujus
422 2182 527 2240 montis
550 2180 662 2242 radices
686 2183 716 2242 in
731 2182 901 2244 suburbanis
915 2183 1096 2244 Rudelstadii
1110 2182 1186 2241 aedes
1201 2179 1283 2240 nobi·

110 2287 183 2346 lium
204 2303 226 2345 a
240 2285 349 2346 Heisen
371 2291 450 2360 sunt,
476 2302 548 2360 quas
567 2302 644 2345 nunc
662 2283 818 2362 Georgius,
847 2289 982 2350 Ursulum
1006 2287 1042 2349 da
1066 2285 1232 2360 Sohonberg
1253 2286 1284 2344 in

110 2406 233 2456 uxorem
248 2391 366 2465 habens,
381 2389 533 2450 inhabitat.
572 2391 646 2450 Sunt
660 2396 689 2450 et
703 2394 747 2452 his
762 2394 903 2468 oonuguae
918 2393 1018 2452 domus
1033 2389 1163 2466 Sigiiridi
1178 2390 1284 2450 Schon·

109 2495 184 2556 feldt
196 2503 229 2556 et
243 2496 369 2572 Philippi
384 2513 402 2554 a
417 2496 488 2556 Ten.
527 2496 726 2559 desidentibus
740 2499 829 2572 igitur
843 2499 926 2558 nobis
940 2501 970 2557 in
985 2503 1081 2558 monte
1097 2496 1217 2558 accessit
1231 2509 1285 2554 nos

110 2617 185 2677 puer
207 2599 336 2675 quidam,
365 2601 495 2662 indicans
519 2603 662 2675 quendam
684 2619 700 2660 e
725 2602 833 2662 familia
848 2606 983 2665 comitum
1006 2602 1042 2663 de
1064 2602 1283 2674 Schwartzburg

111 2712 228 2783 petere,
250 2711 283 2766 nt
297 2723 343 2766 me
358 2707 510 2768 convenire
525 2708 624 2792 possit.
645 2703 873 2782 ‘Pnernmergo
886 2709 1062 2783 interrogari
1072 2709 1217 2782 jussimus,
1234 2721 1283 2764 ou·

108 2813 228 2886 J'usnam
241 2814 371 2872 minister
386 2818 474 2887 esset,
502 2813 553 2873 sed
568 2820 739 2888 anteaquam
753 2829 825 2889 puer
839 2813 877 2872 ad
892 2828 944 2872 nos
958 2829 1091 2874 reversus
1106 2819 1195 2886 esset,
1221 2814 1284 2886 ipse

113 2917 339 2992 Christophorus
352 2918 390 2978 ab
404 2917 586 2993 Entzenberg
601 2919 683 2980 nobis
697 2916 731 2976 fit
753 2918 865 2978 obviam
880 2917 994 2976 nomine
1010 2918 1120 2976 comitis
1135 2919 1179 2976 sni
1193 2917 1212 2976 J
1214 2932 1282 2976 oau-

112 3023 159 3081 nis
174 3023 293 3082 Heurioi
313 3039 331 3082 a
346 3022 563 3097 Schwartzburg
583 3030 612 3082 et
633 3024 671 3084 ab
685 3024 747 3096 ejus
767 3038 857 3082 uxore
872 3023 956 3082 nobis
971 3022 1093 3081 salntem
1108 3023 1205 3080 diceus
1219 3022 1284 3080 haee

28 3203 31 3210 Ι
113 3127 221 3187 attulit.
258 3107 565 3200 Posteaquamoomes
590 3145 658 3186 suus
681 3129 839 3202 accepisset
862 3127 1005 3187 dominam
1025 3141 1139 3185 socrum
1160 3139 1283 3200 peregre

113 3228 272 3306 prolectam
288 3249 397 3306 nosque
413 3249 476 3291 cunr
490 3249 580 3292 uxore
595 3238 694 3292 nostra
709 3234 814 3294 ibidem
836 3233 918 3306 quasi
940 3233 1068 3292 solitarie
1088 3231 1201 3305 degere,
1226 3243 1283 3302 quo

113 3338 176 3410 ipse
191 3353 286 3398 eomes
307 3340 398 3399 nostri
420 3340 557 3406 notitiam,
569 3339 676 3400 habere
696 3341 801 3414 possit,
824 3338 966 3414 peranice
989 3353 1053 3396 eum
1067 3342 1175 3410 petere,
1198 3338 1232 3394 ut
1245 3333 1284 3394 ad

115 3443 192 3502 diem
211 3443 316 3502 Martis
336 3445 496 3517 proximum
517 3444 571 3503 sub
597 3460 746 3518 vesperam
766 3446 797 3503 in
820 3441 1073 3518 Leuchtenberga,
1099 3443 1149 3502 ubi
1172 3447 1202 3500 et
1223 3447 1284 3500 tum

115 3548 231 3620 nuptias
246 3547 424 3620 pedissequa
439 3548 538 3608 uxoris
553 3565 612 3608 suae
626 3549 776 3610 habiturus
792 3554 876 3624 esset,
896 3537 1206 3629 adessedignaremur.
1230 3545 1284 3604 His

115 3650 221 3728 auditis
237 3653 329 3726 prium
344 3653 415 3712 hero
431 3668 482 3711 suo
498 3658 527 3712 et
542 3653 664 3713 domina
679 3657 787 3728 gratias
808 3670 895 3729 agere
907 3654 1052 3726 jussimus.
1091 3651 1175 3708 Talia
1189 3653 1284 3708 autem

115 3773 179 3816 esse
194 3757 279 3816 modo
300 3758 420 3832 negocia
442 3763 555 3833 nostra,
576 3764 610 3818 ut
624 3759 736 3819 choreae
754 3777 813 3822 non
831 3743 1012 3834 peterentur,
1036 3771 1089 3814 neo
1112 3768 1225 3828 quoqne
1239 3769 1284 3811 me

115 3861 205 3936 probe
220 3862 351 3921 edoctum
370 3877 432 3922 esse
454 3861 492 3922 ad
511 3864 661 3937 strepitum
681 3865 806 3937 cytharae
827 3839 993 3928 choreatum
1006 3858 1121 3918 ducere
1135 3857 1285 3932 nymphas.

115 3966 189 4038 Quia
203 3971 299 4053 autem
309 3967 549 4042 comespetierat,
565 3974 597 4026 ut
604 3967 756 4032 Aemiliam
767 3968 875 4042 neptim
889 3953 983 4039 suam,
996 3942 1081 4037 huam
1095 3965 1157 4036 ipse
1172 3979 1188 4022 e
1203 3977 1285 4021 sacro

115 4070 296 4146 baptismatis
310 4069 389 4130 fonte
403 4070 542 4146 levasset,
562 4072 709 4135 nobiscum
724 4072 944 4144 adduceremus,
961 4069 1067 4128 dietum
1082 4072 1126 4127 est
1140 4067 1192 4142 illi,
1208 4067 1284 4126 hane

116 4156 179 4235 oum
194 4179 286 4256 matre
300 4176 412 4239 abiisse.
451 4177 524 4248 Quia
543 4181 637 4236 autem
658 4175 713 4236 hoc
732 4191 870 4250 responso
887 4173 1109 4249 christophorus
1132 4173 1187 4233 sibi
1201 4173 1284 4232 satis·

114 4279 222 4342 iactum
238 4280 366 4356 nolebat,
380 4298 434 4357 per
449 4281 685 4357 christophorum
694 4283 770 4357 Zier,
786 4281 856 4356 quid
869 4282 900 4340 iu
914 4281 967 4340 hae
981 4296 1014 4339 re
1028 4276 1190 4340 faciendum
1204 4278 1287 4338 nobis

116 4403 155 4448 un
170 4403 253 4446 secus
270 4391 355 4460 esset,
370 4388 594 4462 respondimus,
997 4379 1000 4382 ’

204 4493 235 4550 ix
248 4491 319 4551 tulii
340 4491 407 4552 dnm
426 4509 484 4570 por⁴
502 4492 724 4568 hybernatulum
744 4507 842 4565 socrus
864 4498 995 4569 munseo,
1013 4488 1095 4554 ,forte
1115 4489 1234 4550 iomunu
1253 4487 1285 4544 in

159 4606 275 4653 wocara
434 4605 437 4612 ’
1033 4599 1073 4660 15
