3046 5104
786 387 830 479 or

223 598 276 657 bns
290 604 321 662 et
340 599 451 656 coeteris
466 597 588 657 statibus
607 598 729 672 imperii,
754 602 786 656 ut
805 597 956 660 ec'animc.
968 597 1031 670 hoc,
1056 611 1113 669 quo
1135 593 1317 656 Oresarrillud
1329 611 1402 656 con·

216 702 310 765 ‚sodbi
330 703 473 776 statuerit,
497 701 655 777 suscipiant
675 707 703 762 et
720 703 809 774 juxto
825 701 940 760 interim
961 701 1038 760 illius
1054 703 1245 776 'praescripta
1269 716 1341 774 qua·
1354 703 1402 761 ro-

126 835 130 850 ·
224 806 358 880 ligionem
380 812 564 880 concernunt,
588 807 741 866 observent
761 811 790 866 et
810 806 848 866 od
867 806 952 880 hujus
974 819 1102 880 normam
1123 823 1190 865 suos
1213 808 1310 870 virere
1333 823 1402 888 prc-

225 919 326 970 curent
346 927 438 984 usqce
460 912 497 970 od
527 909 666 970 iutnrnm·
681 912 830 972 concilium
860 913 988 986 proxime
1015 912 1207 972 indicandum.
1251 913 1403 972 Electcres

224 1015 321 1076 habito
336 1017 454 1076 consilio
469 1019 578 1090 gratias
592 1019 759 1090 imperatori
777 1029 833 1090 pro
852 1031 903 1075 sua
923 1016 1074 1076 clementia
1093 1021 1224 1091 egerunt,
1247 1017 1403 1076 laudantes

224 1137 349 1180 amorem
364 1123 453 1195 ipsius
468 1123 497 1180 in
514 1137 689 1182 communem
709 1123 841 1195 patriam,
866 1127 896 1180 et
915 1125 948 1180 ut
967 1122 1161 1196 communibus
1181 1121 1332 1181 ordinibus
1347 1125 1400 1180 im·

225 1228 296 1298 perii
311 1227 366 1285 hoc
380 1227 576 1302 impartiretur
597 1231 745 1301 rogarunt.
783 1226 854 1286 Erit¹
867 1231 961 1286 autem
982 1225 1069 1300 hrp‘trs¹
1086 1227 1215 1286 historice
1235 1233 1316 1291 actus
1331 1229 1401 1287 alibi

222 1331 436 1390 describendus.
1107 1406 1112 1420 ,
1193 1345 1196 1350 “

218 1447 228 1508 j
313 1435 422 1494 Eodem
437 1435 626 1510 wolfgangus
646 1437 793 1496 Musonius
812 1437 876 1496 loco
896 1444 925 1496 et
944 1443 1072 1512 tempore
1093 1444 1228 1498 collsueto
1244 1439 1397 1498 conciona-

226 1547 272 1598 tus
293 1546 337 1599 est
356 1555 391 1599 ex
412 1555 473 1612 cap.
484 1542 533 1598 ’15
553 1541 673 1602 loannis
689 1541 881 1616 evangeliste,
905 1543 1037 1602 ιιὶιιιὶιιιιιι
1053 1540 1090 1602 de
1108 1542 1152 1600 his
1168 1541 1263 1602 verbis
1279 1542 1402 1602 domini:

229 1645 409 1703 «Manetein
424 1661 468 1703 me
484 1649 513 1704 et
528 1661 582 1719 ogo
597 1648 627 1705 ia
642 1647 730 1706 vobis.
759 1626 842 1706 ‘arou
857 1647 965 1722 palmes
986 1636 1044 1706 non
1064 1652 1161 1721 potest
1180 1645 1257 1705 forre
1275 1631 1403 1706 fructum

223 1767 243 1808 a
257 1749 419 1823 semetipso,
443 1751 501 1810 uisi·
518 1753 655 1811 monuerit
674 1753 703 1811 iu
724 1754 791 1824 rite,
816 1752 857 1810 sic
876 1766 927 1812 noc
947 1767 1007 1824 vos,
1032 1753 1087 1810 nisi
1109 1753 1139 1810 in
1161 1768 1207 1810 me
1229 1745 1403 1810 manseritis.

225 1855 288 1928 Ego
304 1871 365 1914 sum
382 1856 455 1928 vitis,
480 1872 530 1916 vos
550 1836 689 1940 palmites.
721 1857 775 1929 Qui
797 1863 894 1917 monet
915 1857 1011 1915 in-me
1031 1862 1062 1914 'et
1083 1868 1137 1929 ogo
1158 1857 1188 1914 in
1209 1873 1252 1928 eo,
1276 1854 1324 1912 lric
1346 1854 1405 1913 fert

211 1958 346 2041 ¹fructum
362 1959 495 2033 multum,
521 1962 589 2034 quia
603 1962 664 2020 sine
683 1977 728 2020 me
743 1961 822 2020 'nihil
837 1963 957 2035 potestis
978 1961 1094 2021 lacere«
1119 1967 1172 2020 etc.
1211 1959 1325 2032 Duplex
1348 1967 1403 2032 est,

226 2065 327 2138 inquit,
351 2064 457 2124 adonio
473 2066 532 2124 sive
548 2057 719 2140 conjunctio,
744 2081 801 2126 ona
817 2071 869 2139 est,
894 2065 951 2140 qua
967 2063 1201 2140 conglutinantur
1216 2066 1404 2139 magistratus

227 2175 256 2228 et
271 2169 385 2229 subditi.
416 2169 604 2244 Magistratus
625 2177 719 2244 potest
737 2170 832 2231 dicero
853 2170 981 2242 sdbditc:
1005 2169 1093 2230 Mauo
1115 2171 1168 2230 sub
1182 2159 1240 2241 n're3
1254 2171 1404 2244 magister

226 2259 376 2348 discipulo:
400 2274 487 2334 Mane
509 2275 561 2334 sub
580 2263 647 2344 mos
662 2277 781 2360 maritus
796 2276 834 2335 cd
848 2291 975 2347 uxorem,
1001 2292 1085 2341 moue
1100 2291 1188 2350 penes
1203 2291 1249 2334 me
1263 2275 1309 2333 vel
1324 2274 1404 2348 apud

226 2393 279 2436 me.
317 2379 401 2437 Prior
416 2383 510 2438 numm
530 2379 735 2454 conglutinatio
756 2379 879 2440 nonest
898 2387 1051 2455 perpetuo,
1077 2382 1151 2454 quio*
1165 2379 1318 2452 discipulus
1343 2396 1404 2439 nou

224 2483 311 2542 habet
325 2499 397 2558 opus
412 2499 526 2558 semper
540 2483 618 2559 opud
633 2485 802 2572 magianum
817 2501 994 2559 permanere,
1010 2485 1060 2544 sed
1077 2484 1178 2544 saltem
1194 2485 1285 2545 donec
1300 2485 1403 2544 literas

226 2588 406 2674 addidicerit.
437 2587 508 2646 Item
525 2589 717 2649 mechanicam
732 2589 885 2670 addiscens
900 2595 992 2650 ortem
1006 2605 1069 2672 'non
1088 2605 1202 2664 semper
1220 2589 1322 2650 eodem
1337 2591 1401 2680 opi·

226 2693 271 2752 fici
294 2693 443 2756 adhaerere
466 2697 590 2768 cogitur,
615 2694 666 2754 sed
687 2700 781 2768 potest
803 2700 832 2754 et
854 2676 1091 2770 aliqumco'ipse
1112 2696 1182 2756 ortis
1206 2695 1400 2768 suaelexperi·
1520 2675 1521 2684 ἵ

225 2799 474 2867 montemfortem.
513 2801 613 2877 Altera
635 2791 729 2862 comm
751 2801 856 2860 odnnio
877 2796 1043 2874 spiritualis
1055 2806 1099 2859 ost
1119 2807 1149 2860 et
1168 2803 1290 2873 interna,
1315 2804 1345 2858 et
1364 2799 1402 2858 do

224 2903 280 2964 hac
303 2897 433 2966 Christus
455 2904 502 2964 iric
521 2905 659 2979 loquitur:
684 2903 801 2984 Moneta
823 2906 852 2962 in
865 2921 934 2977 me,
959 2911 988 2964 et
1010 2919 1064 2981 ego
1086 2907 1115 2964 in
1134 2905 1228 2966 cobis.
1270 2901 1318 2967 Sic
1343 2921 1402 2964 non
1520 2895 1521 2946 ἶ

226 3009 457 3084 loquitor-papa,
475 3007 539 3068 sed:
563 3006 680 3070 Manere
700 3009 753 3073 snb
774 3027 818 3068 me
834 3016 888 3070 eto.
904 3009 959 3084 ,Et
974 3011 1015 3068 sic
1029 3006 1203 3084 pontificiam
1219 3008 1400 3082 tyrannidem

227 3114 356 3177 nonnihil
377 3115 514 3189 detegens
530 3115 668 3188 ejusmodi
684 3115 807 3176 sermoni
827 3113 1004 3193 aliquamdiu
1023 3113 1190 3175 immoratus
1213 3119 1263 3173 est.
1295 3113 1403 3188 Aiebat

226 3223 331 3294 antem,
355 3224 462 3292 practer
476 3217 550 3278 hacc
564 3220 675 3278 animm
695 3219 773 3278 nullo
783 3225 837 3302 ost
848 3218 1016 3280 'concordiae
1037 3219 1092 3290 ria,
1117 3218 1225 3300 scilicet
1240 3226 1272 3278 ut
1285 3233 1402 3281 manoc-

226 3337 288 3390 mus
302 3324 333 3380 in
348 3321 470 3380 Christo
484 3327 513 3382 et
532 3321 581 3384 ille
603 3325 633 3382 iu
656 3323 747 3382 uobis.
780 3323 823 3384 nt
843 3322 982 3398 profecto.
993 3317 1228 3398 supervacaneus,
1242 3329 1288 3382 est
1308 3322 1401 3397 labor,

227 3426 308 3484 utin
328 3426 504 3484 caeremoniis
524 3417 557 3486 et
572 3427 737 3502 adiaphoris
757 3432 967 3501 conveniamus,
990 3443 1106 3488 cauom
1123 3425 1339 3500 iustificationis
1359 3431 1402 3488 in·

226 3529 310 3594 terim
330 3526 578 3604 floccipendentes.
616 3530 699 3606 Hac,
724 3532 863 3606 inquam„
876 3511 951 3595 foret
970 3535 1008 3594 od
1028 3536 1209 3595 concordiam
1230 3514 1292 3608 rii,
1316 3538 1340 3595 si
1356 3551 1402 3594 ec·

226 3632 366 3696 clesiastoe
388 3634 483 3694 idonei
507 3637 763 3710 constituerentur,
792 3641 841 3712 qui
864 3640 999 3713 populum
1024 3613 1173 3710 docerent,
1205 3640 1401 3717 quomodo-iu

227 3739 341 3800 Christo
362 3741 522 3814 unirentur,
554 3745 583 3800 et
604 3746 663 3799 tum
685 3743 859 3818 mgitaretur
883 3745 921 3804 de
942 3742 1102 3802 hominibus
1114 3743 1162 3802 oc
1184 3743 1215 3807 id
1236 3747 1325 3819 aptis,
1351 3745 1400 3818 qui
1520 3733 1521 3740 '

217 3855 278 3904 'nos
292 3847 413 3905 induem
428 3845 647 3913 reconciliarent
662 3851 714 3906 cto.
748 3847 830 3918 Quod
846 3845 976 3907 Christus·
985 3847 1077 3919 diruit:
1102 3848 1221 3918 Monate
1235 3851 1266 3907 in
1279 3866 1334 3924 mo,
1352 3863 1400 3920 ex·
1520 3925 1521 3930 ἵ

226 3949 511 4021 hodadcnissermo
531 3956 603 4024 orat,
628 3965 684 4025 qno
698 3949 755 4026 illis
770 3951 800 4010 in
821 3957 943 4014 menum
963 3955 1083 4027 veniret,-
1107 3970 1171 4026 quoe
1185 3954 1271 4028 prius
1291 3953 1331 4013 ad
1350 3969 1400 4014 scs
1520 3951 1521 3980 ¹

226 4054 346 4116 dixerat.
377 4054 465 4128 ,Quod
485 4060 580 4118 cutem
598 4057 653 4114 eit:
677 4055 716 4114 Et
737 4068 791 4130 ego
812 4059 848 4117 in·
862 4057 952 4132 robis,
976 4060 1131 4133 promissio
1149 4066 1220 4122 erat.
1244 4060 1402 4134 olllogasit

227 4177 294 4220 vero
309 4161 456 4227 Mausolus
476 4151 586 4246 adauct
607 4162 859 4236 Angustissimum
879 4163 1026 4225 delibero
1047 4165 1167 4224 urbicio
1187 4164 1225 4227 acl
1246 4165 1323 4224 huuc
1337 4181 1401 4224 sen·

227 4255 289 4324 sum
302 4263 448 4326 iacientes.
480 4267 646 4342 Opportune
662 4271 757 4326 autom
771 4267 949 4342 palmitesin
964 4267 1164 4344 riteuonore,
1181 4271 1261 4344 aliis,
1278 4271 1302 4330 sl
1318 4276 1401 4330 extra

226 4372 313 4436 ritem
339 4373 525 4446 luxuriarint,
556 4373 788 4454 ooszamputori,
818 4373 913 4446 colligi
934 4377 972 4430 ot
986 4374 1234 4453 concremandos
1251 4376 1282 4433 in
1303 4368 1399 4450 mnam

142 4546 145 4552 ,
226 4478 337 4554 projici.
375 4479 407 4538 ln
423 4479 603 4564 maioquit,
628 4475 767 4550 Christus,
792 4479 973 4538 scilicetuuc
988 4494 1042 4552 me,
1066 4478 1255 4552 narn‘divious
1270 4497 1329 4541 uon
1345 4487 1399 4552 est,
