3054 5110
767 401 811 466 50

200 597 268 640 num
283 597 346 642 cum
359 579 419 642 lilio
433 581 649 643 tuo'benedicto
673 585 703 640 at
717 581 821 656 spiritu
841 587 958 656 sancto,
983 581 1043 639 sive
1058 579 1140 639 nobis
1157 597 1193 642 ex
1207 587 1291 656 voto,
1315 583 1378 642 sive

198 703 281 746 secus
300 703 348 748 ras
363 687 445 748 nobis
468 687 639 761 acciderint,
663 687 798 746 colamus.
837 685 895 747 Per
910 659 1055 746 Gh'ristum
1077 683 1223 747 dominum
1236 693 1376 752 noenum.

200 789 303 852 nen.
1136 790 1139 798 Α

287 895 398 957 Eadem
405 897 527 971 Hispani
543 896 720 970 sepeliebant
734 895 876 970 quendem
888 901 1054 970 magnetum
1068 911 1104 955 ex
1119 913 1219 959 eornm
1232 895 1309 970 albo,
1327 898 1379 970 qui

198 1015 311 1062 crucem
326 981 473 1078 purpurei
486 1003 589 1062 coloris
609 1003 640 1062 in
653 1002 780 1062 vestibus
795 1001 832 1062 ad
846 1007 946 1078 pectus
969 1009 1097 1077 gestasse
1118 1004 1305 1061 christianum
1324 1019 1378 1076 pu·

197 1112 270 1166 tant.
310 1106 381 1166 (lum
395 1107 480 1182 hujus
495 1123 599 1182 corpus
619 1107 649 1165 in
664 1105 770 1166 lossam
792 1107 936 1181 sepulchri
954 1109 1157 1181 immitterent,
1181 1109 1274 1181 primo
1289 1107 1378 1167 sacri·

198 1209 289 1287 ficuli,
315 1211 419 1272 deinde
442 1219 547 1273 caetere
568 1213 655 1272 turba
674 1209 759 1271 funus
779 1211 1010 1286 subsequentium
1030 1217 1165 1286 quantum
1185 1213 1252 1272 vola
1272 1227 1376 1272 manus

200 1321 288 1376 terroe
302 1319 546 1392 comprehendere
561 1324 705 1393 poterent,
722 1335 810 1393 super
823 1319 917 1392 ipsum
931 1317 1015 1376 funus
1027 1319 1168 1391 jecerunt.
1197 1315 1311 1376 Deinde
1325 1333 1375 1376 ve-

199 1423 335 1496 spillones
357 1422 462 1484 fossum
484 1430 564 1484 terra
585 1423 750 1498 replebant,
775 1423 854 1496 cnju's
874 1422 977 1482 animae
996 1423 1167 1502 miserentur
1183 1421 1226 1497 is,
1250 1425 1300 1497 qui
1323 1440 1375 1484 nc·

198 1527 241 1586 vit
256 1509 329 1587 eum.
941 1583 946 1596 .

286 1631 385 1693 Prim
407 1635 475 1708 maji
502 1633 530 1694 d.
553 1633 700 1692 Masculus
728 1632 767 1692 ud
795 1633 823 1692 d.
845 1633 1015 1693 Mauritinm
1039 1649 1075 1693 ex
1099 1649 1162 1708 oep.
1188 1636 1229 1691 14
1252 1633 1376 1702 Joannis

198 1737 260 1796 haec
273 1737 361 1798 verbe
376 1739 552 1813 explanavit:
567 1739 613 1799 Ne
627 1735 761 1799 turbetur
774 1754 824 1797 cor
838 1744 965 1798 vestrum
980 1755 1074 1812 neque
1089 1737 1225 1799 formidet
1238 1743 1292 1798 ete.
1318 1738 1377 1798 Sed

199 1860 251 1906 nos
266 1845 358 1908 serius
371 1843 556 1905 advenientes
571 1845 666 1904 omnia
677 1843 754 1904 dicta
767 1845 829 1918 ejus
840 1858 899 1904 non
911 1846 1034 1905 assecuti
1047 1861 1152 1904 sumus.
1176 1845 1257 1904 Inter
1268 1834 1376 1904 catera

199 1953 295 2009 autem
310 1947 438 2034 dicebat,
454 1951 678 2024 perturbationis
695 1955 724 2008 et
737 1951 848 2010 timoris
863 1952 1060 2024 apostolorum
1073 1951 1137 2009 haec
1151 1950 1330 2024 potissimum
1344 1951 1375 2008 in

198 2049 285 2114 causa
299 2053 397 2128 fuisse,
415 2053 483 2114 dum
495 2055 651 2115 audiissent
666 2055 810 2114 dominum
823 2048 860 2115 ub
875 2055 911 2114 iis
925 2055 1073 2118 discedere
1083 2057 1165 2130 velle,
1180 2055 1375 2135 ignorantiam

199 2159 308 2219 scilicet
323 2165 352 2219 et
367 2161 594 2234 expectationem
617 2161 727 2218 terreni
746 2161 866 2234 abcujus
881 2161 977 2236 regni,
1000 2163 1030 2220 in
1046 2178 1103 2234 quo
1118 2163 1197 2236 ipsos
1212 2175 1244 2219 se
1258 2159 1375 2219 domino

199 2265 229 2322 in
247 2265 410 2339 principatu
425 2263 481 2341 (se)
502 2265 692 2338 proximiores
711 2263 825 2325 futuros
842 2282 923 2342 spem
941 2267 1036 2324 animo
1056 2271 1261 2341 conceperant,
1285 2258 1375 2324 amlil-

198 2370 305 2428 tionem
320 2385 434 2442 quoqne
449 2371 526 2428 utin
540 2367 606 2428 filiis
621 2369 754 2430 Zebedaei
774 2389 827 2446 per
842 2375 962 2430 matrem
977 2387 1076 2432 eorum
1090 2387 1163 2432 unus
1179 2371 1216 2456 ad
1232 2370 1372 2443 dextrum,

199 2473 272 2534 alins
282 2473 321 2535 ad
329 2474 474 2533 sinistram
483 2474 583 2534 sedere
593 2476 880 2550 possentpetentibns
893 2475 993 2550 liquet.
1014 2478 1087 2536 Item
1101 2477 1217 2537 inutiles
1233 2483 1262 2536 et
1274 2487 1378 2550 super-¹

198 2595 339 2640 secaneos
359 2579 490 2639 tristitias
506 2583 575 2652 etc.;
603 2582 671 2638 item
692 2581 777 2656 longe
801 2583 887 2642 aliam
910 2581 1017 2642 Christi
1042 2582 1149 2643 domini
1167 2561 1256 2642 iniisse
1276 2579 1375 2641 cundi·

199 2685 320 2760 tionem,
344 2687 394 2759 qui
408 2687 549 2760 omnium,
573 2702 637 2760 quae
652 2685 694 2746 illi
709 2687 871 2746 acciderent
890 2691 920 2746 et
934 2688 972 2750 ad
987 2704 1071 2762 quem
1089 2685 1176 2748 linem
1195 2687 1374 2763 pertinerent

198 2791 335 2865 praescius
357 2796 433 2865 erat,
455 2791 590 2851 habuisse
610 2808 680 2852 vero
699 2791 853 2866 discipulos
873 2794 982 2852 nullam
1001 2795 1045 2853 sni
1065 2794 1172 2854 doloris
1192 2797 1243 2852 aut
1260 2791 1372 2851 timoris

194 2897 302 2970 Justsm
311 2912 433 2956 cansam.
457 2895 503 2956 De
515 2897 618 2958 timore
633 2897 708 2956 hanc
723 2897 934 2959 similitudinem
949 2897 1103 2959 adducens.
1128 2899 1208 2958 Sicut
1221 2897 1252 2954 in
1264 2893 1372 2955 fluento

197 3001 314 3062 turbida
328 3001 442 3062 reddita
457 3019 532 3076 aqua
546 3001 651 3063 fundus
667 3003 768 3082 videri,
777 3020 835 3064 non
850 3008 958 3078 potest,
980 3010 1010 3064 et
1023 3005 1054 3062 in
1068 3001 1264 3078 limpidissimo
1279 2998 1369 3074 fonte,

198 3108 223 3165 si
238 3123 327 3181 aquus
340 3088 471 3181 moveas,'
481 3107 597 3168 claritas
613 3125 670 3168 non
685 3115 821 3183 apparet,
837 3109 879 3168 ita
892 3109 923 3167 in
938 3109 1025 3171 corde
1044 3108 1166 3169 hominis
1185 3108 1288 3166 timore
1302 3121 1370 3180 per·

197 3211 309 3273 turbati
327 3212 610 3287 cogitationespurae
626 3219 655 3273 et
669 3214 815 3287 praeclara
830 3231 888 3273 non
902 3212 1061 3274 oriuntur&
1079 3212 1162 3285 Quod
1175 3217 1271 3271 antem
1286 3212 1371 3272 disci·

198 3307 260 3390 puli
280 3317 391 3374 timoris
403 3314 457 3374 ‘sui
478 3333 594 3377 causam
613 3335 671 3378 nou
686 3319 855 3392 habuerint,
879 3318 932 3378 has
952 3321 1080 3378 rationes
1099 3317 1234 3378 reddidit.
1273 3317 1371 3375 Primo

199 3419 276 3493 qnod
285 3419 428 3479 dominum
436 3422 506 3496 ipsis
517 3425 643 3483 »Pacem
651 3439 744 3482 meam
753 3423 790 3483 do
799 3423 889 3497 vobis,
905 3439 1006 3500 pacem
1016 3439 1109 3482 meam
1123 3424 1255 3497 relinquo
1267 3421 1369 3482 vobis«

197 3523 303 3585 dixisse
315 3531 463 3585 noverant.
488 3527 628 3602 Secundo,
644 3529 759 3587 tamam
770 3529 888 3589 tristitia
900 3530 1008 3603 exboe,
1025 3528 1102 3602 quod
1117 3527 1248 3588 domnus
1259 3525 1372 3586 dixerat

200 3613 319 3705 »lado«
330 3629 424 3692 ademi
430 3629 555 3707 inerant,
563 3631 724 3692 meminisse
733 3637 829 3692 tamen
836 3633 987 3706 debebant,
996 3632 1117 3692 eundem
1126 3649 1240 3708 qnoque
1251 3633 1369 3693 dixisse:

200 3735 419 3795 »iterumvenio
434 3735 472 3797 ad
487 3751 560 3795 vos«
569 3743 623 3797 eto.
643 3737 751 3812 Tertio,
769 3738 847 3812 quod
863 3755 906 3812 ea,
921 3755 985 3812 quae
995 3737 1109 3799 Christo
1125 3745 1264 3799 eventura
1278 3743 1369 3810 erant,

197 3841 267 3899 nihil
281 3841 338 3900 illis
351 3841 471 3915 periculi
486 3841 610 3902 allatura
626 3847 730 3902 essent.
754 3843 835 3902 Nihil
850 3843 925 3903 enim
937 3842 969 3902 id
981 3846 1118 3919 temporis
1133 3843 1190 3902 illis
1206 3843 1306 3902 durius
1320 3847 1371 3900 ant

196 3946 264 4006 mali
281 3945 392 4006 illatum
407 3951 460 4018 est,
475 3945 543 4004 licet
556 3951 656 4020 postea
668 3948 804 4022 temporis
817 3945 828 3982 ¹
843 3945 985 4022 praefinito
1001 3948 1038 4008 ob
1047 3948 1154 4008 Christi
1168 3947 1290 4022 gloriam
1305 3963 1370 4006 san·

196 4051 309 4124 guinem
324 4067 406 4110 snum
421 4048 580 4109 effuderint.
618 4052 766 4112 Postremo
789 4053 844 4112 etsi
859 4053 928 4126 quid
950 4051 1089 4127 eiusmodi
1111 4051 1230 4114 sufferre
1252 4053 1367 4113 debuis-

195 4159 268 4246 sent,
279 4171 418 4215 memores
427 4159 524 4214 tomen
533 4161 564 4216 et
573 4171 621 4216 eos
631 4161 660 4216 et
668 4173 762 4217 causae
772 4175 831 4218 suae
841 4143 975 4220 bonitatis
989 4163 1019 4218 et
1027 4159 1179 4220 uerborum
1189 4156 1295 4218 christi
1305 4169 1369 4216 esse

194 4261 322 4333 oportuit
331 4265 384 4320 eto.
399 4261 533 4320 inserens
548 4261 666 4338 insuper
682 4262 717 4323 de
732 4262 860 4325 bonitate
876 4277 979 4339 causae,
992 4279 1078 4338 quam
1092 4262 1271 4339 professores
1282 4265 1369 4324 evan·

774 4399 791 4435 s

226 4509 230 4516 ·
271 4487 283 4532 l
304 4485 440 4554 itempore
455 4485 592 4553 praefinito.
