3046 5104
787 417 852 488 ist

294 605 454 664 ··Ketleler
475 603 586 663 nobiles
599 583 648 660 cis
670 587 801 662 Rhenum
823 599 1031 674 archiepiscopi
1056 599 1234 680 Coloniehsis
1255 596 1287 667 in
1309 593 1409 658 West·

233 711 332 786 phalis
347 708 578 768 archicemerurii
592 711 667 764 sunt.
1233 762 1235 770 ,

322 814 435 874 xJuuii
456 813 487 870 iu
508 811 613 884 templo
635 809 766 868 Mnnritii
781 807 856 874 hune
875 812 1014 868 consueta
1034 808 1186 868 decantata
1204 813 1271 866 sunt
1292 808 1408 880 cantica

232 928 317 980 suoru
331 923 361 976 et
373 917 550 991 potissimum
565 931 630 988 quoe
645 913 682 972 sd
695 913 878 976 animandum
893 914 1012 992 plebem!
1021 912 1127 970 Christi
1145 914 1176 970 in
1194 911 1272 970 hisce
1292 916 1405 982 tempo·

232 1022 313 1080 ribus
330 1020 470 1093 fecerent,
495 1019 586 1092 qualis
606 1023 662 1078 cst:
685 1019 751 1078 Nisi
771 1017 850 1076 Deus
870 1024 932 1076 orat
951 1019 981 1076 in
1000 1018 1096 1090 nobis,
1121 1017 1198 1076 dicct
1212 1032 1289 1074 nuuc
1302 1015 1405 1073 lsrael.

232 1127 306 1186 Item
328 1126 408 1186 Deus
428 1124 570 1198 refugium
594 1129 624 1182 et
643 1124 746 1196 virtus,
777 1128 806 1182 et
829 1123 923 1182 oratio
944 1122 1086 1180 dominice.
1107 1121 1326 1192 paraphrastica
1350 1126 1406 1178 etc.

234 1231 346 1291 Deinde
358 1231 490 1288 minister
504 1229 630 1288 ecclesius
645 1245 698 1301 pro
715 1233 849 1300 suggestu
865 1232 951 1299 ceput
969 1229 1008 1284 18
1024 1226 1157 1284 Mutthaei
1171 1222 1312 1298 praelegit.
1343 1221 1405 1282 Hu-

233 1335 294 1396 bitc
312 1333 414 1394 deinde
434 1325 611 1392 confessione
632 1333 747 1406 publica
760 1336 796 1388 et
816 1327 1014 1390 obsecratione
1035 1347 1087 1402 pro
1104 1329 1256 1412 ‘ordinibus
1277 1329 1408 1394 ecclesiae

231 1445 298 1513 eto,
321 1439 455 1512 posthoc
470 1437 498 1501 d.
515 1453 550 1496 ex
568 1453 630 1509 cup.
655 1436 693 1492 15
710 1435 829 1494 Jocnnis
844 1437 906 1494 haee
920 1435 1009 1496 verbci
1023 1435 1157 1506 repetiitt
1180 1433 1271 1497 «Nou¹
1285 1435 1407 1506 posthoc

233 1543 297 1601 dico
319 1559 370 1602 vos
393 1557 504 1614 seruos,
534 1541 601 1612 quis
618 1553 722 1598 servus
745 1539 847 1612 nescit,
870 1539 948 1611 ,quid
969 1538 1056 1596 facicm
1078 1535 1208 1598 dominus
1231 1539 1302 1610 ejus·
1346 1539 1407 1595 Vos

231 1650 331 1704 cutem
351 1647 411 1704 dixi
431 1647 550 1718 omioos,
575 1645 643 1716 quia
662 1645 774 1718 omnia,
798 1645 980 1716 quoenudivi
1001 1660 1037 1702 ex
1056 1648 1140 1716 petre
1158 1659 1236 1716 mec,
1259 1647 1330 1700 nota
1349 1641 1407 1700 feci

225 1750 332 1809 robis«
350 1755 403 1808 etc.
431 1750 528 1808 Primo
542 1741 685 1820 igiturcit
698 1749 728 1816 in
743 1750 907 1806 memorium
921 1746 1301 1806 rovocundo'entecedentia
1318 1747 1405 1817 dicta,

231 1855 365 1936 nimirum
382 1854 461 1926 *qued
478 1853 744 1932 Christus-dixerit:
769 1854 947 1939 Praeceptum
966 1852 1034 1922 dedi
1054 1853 1134 1910 vohis
1157 1856 1189 1908 ut
1207 1851 1334 1924 diligatis
1354 1867 1407 1908 vos

231 1959 360 2032 invicem,
377 1963 407 2016 et
421 1957 498 2030 quod
513 1959 554 2016 eis
569 1975 600 2016 se
611 1959 707 2030 ipsum
721 1958 813 2032 hujus
821 1959 957 2030 precepti
972 1959 1131 2036 exemplum
1148 1957 1281 2029 praeheus
1297 1955 1405 2027 inquit:

232 2061 311 2124 Sicut
325 2079 379 2136 ego
395 2061 482 2122 dilexi
500 2079 564 2135 vos,
589 2069 618 2121 et
639 2079 725 2134 quom
746 2080 803 2121 non
823 2063 934 2140 vulgari
955 2062 1106 2120 dilectione
1127 2077 1176 2119 eos
1197 2061 1345 2132 diligeret,
1369 2077 1407 2116 ex

228 2183 266 2226 eo
281 2172 391 2240 petere,
416 2167 492 2239 quod
512 2167 591 2241 dicit,
615 2169 750 2240 majorem
772 2164 939 2235 charitatem
962 2183 1046 2224 nemo
1065 2166 1161 2238 hahet,
1186 2181 1270 2239 quam
1291 2169 1323 2220 ut
1342 2164 1405 2228 ani-
1514 2249 1515 2252 Ἴ

230 2282 306 2330 mam
321 2287 402 2329 suam
417 2271 466 2328 det
480 2284 533 2342 pro
548 2273 645 2329 amicis
661 2273 719 2330 suis
735 2275 789 2332 eto.
822 2271 906 2342 Quod
919 2270 1063 2344 ipsomet
1081 2273 1142 2342 ipso
1158 2285 1245 2342 opere
1264 2269 1407 2341 postridie

113 2437 117 2442 ,
229 2375 293 2448 ejus
308 2374 366 2432 diei
380 2375 524 2448 prestitit.
554 2376 626 2432 Item
637 2375 724 2447 cuod
742 2375 912 2434 non-solum
933 2375 1078 2447 discipulis
1098 2375 1150 2432 sed
1168 2375 1252 2434 nohis
1272 2375 1405 2432 omnibus

228 2483 401 2552 preceptum
417 2474 573 2536 charitatis
581 2479 700 2539 dederit.
731 2481 802 2540 ltem
818 2479 895 2554 quod
914 2495 971 2538 non
991 2481 1029 2538 sit
1045 2478 1159 2537 difficile
1177 2485 1319 2552 proestare
1334 2479 1403 2536 chn-

228 2583 356 2656 ritatem,
385 2581 511 2641 infirmos
531 2585 663 2658 visitare,
692 2601 813 2658 corpore
834 2585 927 2642 nudos
949 2585 1068 2656 vestire,
1099 2584 1276 2642 esurientem.
1294 2583 1403 2653 cibare,

229 2687 373 2744 sitientem
388 2691 459 2758 potu
474 2685 644 2761 refocillare,
670 2690 738 2746 etsi
754 2688 823 2760 quid
838 2687 978 2767 eiusmodi
993 2689 1084 2746 simile
1104 2693 1156 2764 est.
1187 2689 1295 2746 Verum
1309 2689 1403 2746 omni·

227 2790 282 2850 hus
294 2791 340 2851 his
348 2792 446 2876 'majus
461 2792 507 2864 sit,
531 2793 653 2854 anirnem
668 2810 723 2865 pro
740 2795 984 2864 uruiooposuisse.
1015 2795 1086 2852 Item
1107 2793 1186 2866 quod
1206 2795 1231 2850 si
1246 2793 1286 2850 sio
1301 2808 1402 2850 ueces-

228 2895 298 2954 sitcs
313 2895 460 2960 charitatis
476 2897 637 2956 christiane
654 2899 758 2972 exiget,
782 2914 819 2956 ne
835 2903 863 2955 et
876 2914 929 2955 uos
949 2897 1055 2956 imitari
1071 2896 1215 2956 Christum
1234 2899 1265 2954 in
1280 2897 1336 2975 hoe
1350 2895 1402 2954 de-

227 3004 391 3060 trectemus.
422 3002 494 3060 Item
516 3003 565 3074 qui
579 3000 639 3074 fiat,
663 3007 695 3060 ut
711 3001 840 3065 Christus
860 3001 997 3074 apostolis
1013 3001 1103 3058 dicat:
1126 3001 1251 3060 Posthac
1265 3017 1323 3060 non
1339 3001 1404 3061 dieo

227 3119 279 3164 vos
293 3121 402 3179 servos,
426 3123 488 3163 cum
504 3111 601 3164 tomen
615 3111 680 3178 post
693 3107 933 3188 resurrectionem
949 3110 977 3163 et
992 3107 1192 3166 escensionem·
1202 3105 1309 3164 Christi
1324 3107 1402 3164 Pau-

176 3285 180 3288 ·
226 3209 273 3294 lus
288 3211 327 3268 de
342 3227 373 3268 se
387 3201 451 3282 ipso
467 3210 586 3268 scribat:
611 3211 717 3274 Paulus
730 3216 854 3270 'vocatus
874 3210 1064 3284 apostolus-et
1084 3226 1183 3268 servus
1198 3211 1269 3268 lesu
1285 3209 1403 3268 Christi.

225 3313 310 3372 Siout
324 3330 377 3370 neo
391 3327 451 3382 nou¹
464 3314 591 3395 loannes
605 3315 636 3372 in
652 3317 818 3390 apocalypsi
833 3316 869 3374 de
884 3331 915 3374 se
930 3317 992 3387 ipso
1007 3316 1140 3387 loquens:
1155 3316 1283 3373 loannes
1301 3332 1403 3374 servus

224 3417 299 3475 desu
320 3415 429 3474 Christi
450 3423 502 3475 etc.
541 3417 626 3486 Adde
645 3420 707 3492 his,
729 3419 806 3491 quod
828 3419 957 3477 Christus
981 3419 1132 3494 apostolis,
1154 3435 1328 3501 quemquam
1351 3436 1403 3479 eos

223 3519 333 3579 enciens
345 3521 467 3594 vocant,
491 3527 635 3594 precepta
655 3523 776 3597 dederit,
800 3541 863 3582 cum
883 3532 980 3589 tamen
1000 3526 1159 3597 praecipere
1178 3539 1237 3582 non
1258 3525 1296 3583 sit
1316 3526 1404 3582 amici

224 3624 280 3684 sed
300 3625 416 3704 domini.
454 3625 513 3684 Sed
534 3626 608 3685 hanc
629 3627 714 3699 huius
735 3630 779 3686 rei
791 3620 971 3698 'solutionem
995 3645 1057 3688 esse
1080 3629 1121 3698 ait
1135 3629 1297 3702 Musonius,
1322 3631 1403 3702 quod

226 3729 359 3802 Cluistus
374 3731 518 3802 apostolos
534 3748 591 3791 non
607 3749 703 3793 servos
720 3733 813 3792 dicut..
836 3734 893 3792 Sed
908 3730 1114 3806 quamvissiut
1134 3739 1299 3805 peccatores
1314 3738 1344 3792 et
1358 3736 1403 3792 in-

224 3831 301 3891 fimae
323 3836 410 3893 sortis
430 3834 571 3909 homineS,
596 3840 692 3896 tamen
712 3854 766 3913 pro
785 3837 900 3912 umieis,
925 3855 983 3896 non
1005 3853 1058 3910 pro
1073 3839 1169 3896 *servis
1189 3838 1330 3896 ducturus
1352 3841 1401 3897 sit.

225 3938 359 4011 Exempli
375 3955 475 4012 causa,
501 3941 525 3997 si
540 3941 604 4019 quis
624 3919 713 4000 herus
730 3941 836 4000 haheat
855 3959 981 4016 servum,
1006 3942 1051 4000 cui
1070 3942 1218 4000 omonimo
1238 3942 1312 4000 hene
1329 3944 1403 4002 velit

223 4057 262 4100 cc
282 4043 364 4100 unice
385 4043 488 4116 diliget
505 4060 540 4102 ec
558 4043 601 4102 illi
621 4050 732 4104 secreta
751 4062 804 4113 sua
822 4047 985 4127 concredat,
1009 4061 1066 4104 non
1086 4050 1223 4120 tunquam
1241 4063 1325 4106 servo
1348 4049 1402 4106 sed

224 4151 259 4205 ut
273 4147 373 4221 amico,
396 4147 464 4206 licet
486 4165 585 4208 servus
608 4148 645 4206 sit
657 4154 719 4216 eto.
756 4144 862 4210 Merito
882 4136 978 4210 eutem
998 4151 1097 4209 Jesum
1118 4150 1264 4209 dominum
1285 4157 1400 4224 vocent,

224 4252 282 4310 etsi
300 4252 355 4326 ipsi
375 4268 406 4310 se
425 4235 503 4325 ipsos
524 4268 622 4310 servos
637 4252 754 4328 dicant»
767 4255 840 4327 ,licet
859 4255 896 4314 eh
916 4254 1017 4322 codem
1036 4255 1120 4312 amici
1140 4263 1286 4316 vocentur.
1324 4258 1402 4337 Num

221 4358 339 4416 temetsi
353 4356 484 4414 Christus
503 4371 552 4415 eos
573 4356 679 4414 amicos
700 4357 773 4416 dixit
786 4364 826 4443 et·
837 4360 943 4431 optimo
956 4360 1020 4432 jure
1040 4375 1104 4418 eom
1119 4341 1288 4432 dignitatem
1303 4363 1401 4436 magni

222 4461 361 4520 momenti
383 4460 493 4522 ducein.
509 4459 665 4533 debebunt,
691 4479 748 4522 non
768 4468 863 4522 antem
883 4463 936 4520 hoc
958 4463 1011 4524 sihi
1032 4464 1100 4537 ipsis
1116 4464 1254 4524 elatiores
1275 4465 1400 4526 evadere
