3020 5112
751 389 819 470 '242

289 587 362 648 Risu
376 603 434 648 non
448 587 596 662 indignum
611 581 698 670 dpco,
719 586 800 660 quod
811 583 1069 648 Anastaslolahlia
1085 585 1372 663 Sigismnndibospi·

200 693 237 753 tis
253 695 353 768 nostri,
369 695 416 753 cui
430 691 468 753 ab
482 708 572 753 uxore
587 697 688 753 nostra
701 692 733 752 id
747 693 870 752 nominis
884 693 924 753 ad
936 693 1117 766 baptismatis
1130 691 1223 752 iontes
1237 691 1371 769 inditum,

198 799 312 858 viderat
331 805 444 876 patrem
463 799 616 860 sollicitum
639 798 676 858 de
699 813 745 885 re·
759 799 899 858 culinaria
927 802 957 857 et
976 797 1130 860 dicentem:
1153 797 1270 860 Utinam
1294 816 1374 860 nunc

198 902 292 964 ferina
306 905 388 966 nobis
404 911 494 981 esset,
518 910 551 965 ut
569 909 666 964 tantos
687 885 817 964 dominos
829 910 870 978 xet
884 903 990 964 amicos
1012 919 1066 978 pro
1082 904 1223 978 dignitate
1237 905 1372 980 excipere

198 1011 332 1085 posscml-
354 1009 444 1084 liliola
465 1010 556 1084 patris
579 1009 799 1070 sollicitudinem
821 1009 1006 1072 considerans
1028 1010 1081 1069 ait:
1106 1009 1190 1085 Quid,
1206 1011 1245 1068 mi
1265 1009 1372 1086 pater?

198 1133 250 1176 cnr
265 1123 309 1176 est
330 1117 408 1190 quod
427 1117 469 1176 ita
488 1115 524 1176 de
543 1113 638 1190 farina
658 1119 775 1190 aestues,
809 1131 873 1176 cum
892 1116 962 1174 mibi
983 1117 1108 1190 supersit
1127 1131 1228 1176 saurus
1250 1114 1371 1176 noster?

198 1223 253 1282 Vel
271 1220 347 1281 bunc
366 1219 474 1280 confice
496 1225 526 1280 et
544 1238 617 1296 para
637 1221 787 1281 obsonium
809 1222 840 1281 in
862 1221 1017 1282 adventum
1036 1223 1218 1296 susceptricis
1233 1236 1304 1281 meae
1320 1221 1371 1297 do·

198 1327 283 1386 minae
293 1327 464 1387 Anastasia.
487 1325 732 1402 Pater'arridens,
747 1326 842 1386 Probe
853 1338 961 1413 mones,
978 1326 1144 1388 charissima
1152 1325 1249 1403 filiola,
1265 1327 1370 1402 inquit,

198 1445 314 1491 sauram
328 1438 408 1492 tuum
423 1433 454 1491 in
469 1431 548 1492 aliud
562 1437 675 1506 tempus
690 1432 875 1493 servabimus.

216 1596 218 1602 ,
286 1539 336 1596 xix
350 1537 421 1596 Julii
442 1537 547 1597 litterae
567 1517 791 1597 renunciationis
816 1539 846 1596 in
865 1536 1005 1598 Arnstadt
1025 1538 1158 1613 sigillatae
1178 1544 1254 1598 sunt.
1292 1536 1369 1596 Nam

123 1669 133 1676 ·
198 1643 326 1704 Lazarus
348 1641 495 1716 aurifaber
515 1659 551 1703 ex
575 1659 633 1702 aare
653 1627 735 1704 nobis
754 1644 859 1704 ibidem
880 1643 1003 1719 sigillum
1026 1641 1221 1719 excripserat,
1245 1643 1291 1702 cni
1307 1657 1369 1718 pro

198 1765 287 1825 opera
310 1765 363 1832 ene
381 1745 520 1810 florenum
541 1765 683 1826 aureum,
704 1765 770 1812 nam
789 1753 830 1810 sic
847 1751 925 1811 inter
945 1765 997 1810 nos
1023 1755 1194 1812 conventum
1213 1753 1290 1824 erat,
1319 1747 1369 1808 de·

191 1855 302 1934 dimus.
924 1929 926 1934 ,
1078 1867 1084 1874 ’

286 1961 450 2021 Eadcmin
469 1962 575 2036 templo
593 1961 734 2024 Boniiacii
754 1963 918 2024 concionem
942 1979 1054 2024 sacram
1075 1962 1233 2024 andimmus
1255 1977 1293 2021 ex
1308 1960 1369 2036 epi·

198 2069 272 2128 stola
287 2069 326 2128 ed
341 2065 468 2127 Galatas.
491 2069 572 2126 Inter
586 2073 683 2128 cetera
698 2069 875 2128 ecclesiastes
891 2070 1041 2143 propalam
1055 2068 1091 2128 de
1105 2067 1208 2147 frande
1224 2065 1321 2128 Oaroli
1337 2068 1368 2126 in

197 2173 339 2234 Joannem
353 2173 532 2264 Fridericum
547 2175 713 2250 electorem,
739 2179 768 2234 ct
788 2173 858 2248 quid
878 2177 1011 2251 papistici
1025 2191 1159 2250 proceres
1174 2173 1366 2248 simulassent,

199 2281 312 2354 etquid
327 2280 454 2348 nuncab
470 2279 600 2339 omnibus
615 2295 702 2354 agere
717 2279 891 2356 viderentur,
907 2280 1105 2355 proclamavit.

285 2385 440 2444 Redditum
456 2390 499 2444 est
513 2383 596 2444 nobis
612 2386 754 2445 eteoclem
780 2386 1014 2462 chirographum,
1041 2385 1119 2460 quod
1134 2385 1260 2446 domina.
1271 2383 1368 2445 socrui

197 2505 285 2562 super
298 2489 376 2558 mille
390 2487 515 2551 florenos
530 2490 652 2550 antehac
667 2491 848 2553 dederamus.

285 2593 414 2655 Emimn's
428 2595 534 2656 ibidem
548 2597 653 2670 pileolo
667 2598 788 2672 pellicea
804 2599 861 2660 duo
870 2600 900 2658 in
912 2615 994 2660 usum
1004 2599 1367 2664 concionatorumnostro·

198 2717 263 2771 rum
276 2703 307 2760 in
324 2701 453 2763 Corbach
468 2701 658 2764 et·Obunredi
674 2703 750 2764 Occi.
886 2702 890 2711 '
1116 2686 1122 2706 ¹

283 2806 409 2867 Domina
424 2825 523 2868 socrns
544 2808 687 2870 nobilibus
702 2813 794 2871 nostri
816 2809 949 2870 famulitii
967 2811 1087 2884 singulis
1101 2808 1245 2868 indusium
1257 2788 1368 2869 linemn

198 2913 442 2974 mhotenusnrte
464 2915 587 2991 phrygia
609 2915 751 2990 depictum
774 2921 804 2976 et
825 2916 945 2991 singulis
967 2916 1056 2976 servis
1080 2931 1223 2975 nummum
1247 2929 1367 2986 aureum

196 3017 271 3079 dono
286 3019 375 3080 dedit.
489 3061 493 3066 -
1264 3067 1267 3074 ,

285 3125 394 3185 Eadem
408 3127 439 3184 in
453 3124 594 3188 Arnstadt
614 3129 644 3186 in
667 3127 798 3188 coenobio
820 3125 964 3202 quondam
983 3125 1134 3187 vestalium
1148 3125 1186 3185 ad
1200 3141 1223 3184 s.
1238 3124 1366 3184 Mariam

196 3227 303 3290 dictum
316 3231 496 3291 introeuntes
510 3233 648 3308 templum
672 3233 710 3293 ed
728 3233 830 3292 lecvam
852 3224 933 3293 chori
946 3233 1067 3293 vidimus
1083 3248 1181 3293 sexum
1196 3230 1235 3292 ad
1248 3247 1366 3290 murum

196 3341 336 3408 erectum,
357 3353 374 3394 c
392 3338 511 3411 regione
525 3339 664 3413 sepulcri,
688 3341 718 3398 in
737 3337 801 3413 quo
813 3355 908 3398 comes
922 3339 1063 3398 Henricus
1079 3337 1312 3411 cataphractatus
1328 3337 1365 3397 ad

196 3439 291 3499 uiuum
306 3443 416 3516 excisus
431 3449 489 3517 est,
510 3459 528 3500 a
549 3434 651 3502 fronte==
664 3443 774 3504 babens
795 3445 920 3519 insignia
935 3444 1079 3504 Olivensis
1099 3449 1129 3504 et
1141 3443 1302 3517 Honete‘in,
1326 3442 1366 3502 ad

195 3545 283 3621 pedes
297 3547 423 3634 galcam,
445 3563 463 3606 a
476 3551 559 3622 tergo
573 3549 697 3622 insignia
713 3549 931 3625 Schwartnburg
946 3552 976 3609 ct
989 3547 1157 3622 Mansieldt,
1183 3545 1365 3608 frontctenns

197 3652 278 3725 quasi
292 3651 322 3710 in
335 3651 443 3712 tabella
457 3653 594 3726 scriptam
608 3655 674 3714 hoc:
698 3653 776 3715 Obiit
793 3656 887 3715 entis
902 3671 962 3715 snm
976 3655 1203 3729 quadragesimo,
1228 3655 1273 3712 sni
1287 3653 1364 3728 regi·

196 3758 280 3816 minis
294 3743 422 3831 septimo.
461 3759 496 3818 In
509 3761 708 3835 qmorcngulo
732 3760 858 3835 eJosdem
878 3762 940 3820 saxi
953 3759 1016 3820 hac
1034 3761 1190 3820 hahentur:
1214 3759 1273 3818 Am·
1284 3759 1365 3834 Tage

197 3861 315 3920 Henrici
340 3864 416 3923 denn
441 3863 579 3925 zwelhben
603 3863 675 3926 Julii
697 3865 783 3926 Anno
810 3853 954 3926 recesst
977 3866 1020 3925 Er
1045 3863 1184 3926 Heinrich
1209 3860 1305 3925 orave
1327 3881 1364 3924 zu

197 3965 436 4044 Schwartzburglr
453 3971 506 4030 her
526 3989 562 4030 nn
577 3971 717 4031 Arnstodt
735 3971 813 4032 vnnd
828 3970 1081 4032 Sunslerszbansen
1095 3973 1129 4030 in
1149 3969 1219 4031 Gott
1234 3971 1364 4046 seliglich

174 4065 387 4149 'verscheiden
403 4076 467 4136 dem
483 4075 684 4151 Gottgenade.
709 4077 786 4137 Obiit
800 4083 896 4136 antem
910 4078 941 4136 in
956 4081 1050 4138 castro
1064 4075 1214 4136 Ainmadt.
1245 4075 1362 4152 Regna·

193 4177 235 4236 vit
261 4176 402 4238 Henricus
430 4181 504 4242 alter
532 4178 611 4242 anno*
639 4181 745 4241 domini
776 4174 870 4242 1488.
917 4183 1002 4268 Anno
1033 4180 1141 4242 domini
1176 4181 1259 4242 1451
1291 4183 1364 4244 obiit

192 4280 357 4344 Guntherne
379 4281 496 4358 primus.
542 4285 628 4347 Anno
650 4287 757 4348 domini
783 4288 868 4348 1530
891 4288 962 4349 obiit
985 4285 1149 4347 Guntherns
1170 4285 1240 4349 avus
1262 4289 1364 4350 uxoris

191 4393 298 4450 nostrae
313 4389 485 4453 Anastasia.
513 4373 516 4382 ’

279 4495 334 4556 Est
348 4502 378 4556 et
391 4497 598 4574 sarcophagum
618 4498 723 4562 ibidem
742 4509 779 4560 en
793 4499 889 4576 lepide
903 4499 1006 4562 casleto
1025 4481 1156 4572 referens
1170 4513 1294 4578 corpora
1307 4513 1364 4575 par
