3046 5104
681 439 744 506 137

119 625 202 685 tione
217 608 401 700 predicasse,
440 625 565 685 Perinde
586 641 620 685 ac
639 623 710 684 illud
733 622 898 685 mandatum
912 619 966 682 fuit
982 623 1124 684 Christum
1139 637 1297 685 sacremen-

115 737 180 790 tum
197 731 266 792 solis
282 730 427 804 apostolis
443 730 497 790 sub
512 737 636 804 utraque
651 729 745 804 specie
760 728 925 804 praebuisse,
941 730 1045 788 ceteris
1060 747 1117 790 non
1132 731 1211 790 item.
1228 731 1298 789 Corn

115 837 239 910 Paulus,
256 836 306 908 qui
320 835 400 909 prius
416 841 582 911 persecutor
598 834 747 894 Christi'et
763 849 877 892 suorum
894 839 923 892 et
941 839 1041 907 postea
1055 850 1112 894 non
1128 851 1163 894 ex
1178 839 1296 898 nurnero

116 941 273 1000 duodecim
288 943 486 1017 apostolorum
501 939 564 1013 fuit,
592 946 688 999 tamen
704 943 913 998 sacramentum
926 938 980 997 hoc
996 940 1048 999 sub
1064 944 1187 1013 utraque
1202 943 1297 1015 specie

116 1046 255 1106 distribui
267 1047 363 1120 jussit,
382 1051 561 1122 contestatus.
576 1061 608 1104 se
623 1047 664 1104 sic
679 1045 822 1124 accepisse
837 1059 855 1102 a
870 1044 993 1103 domino.
1017 1045 1089 1102 Item
1104 1060 1166 1102 cum
1182 1046 1297 1107 dilectio

115 1153 201 1212 nobis
216 1151 320 1210 insita
343 1155 449 1210 natura
466 1149 611 1210 Christum
633 1149 777 1208 dominum
796 1151 842 1228 hic
863 1151 953 1224 magis
968 1151 1193 1210 moderationem
1209 1153 1294 1212 dilec-

115 1258 205 1316 tionis
223 1273 308 1330 quum
325 1261 500 1330 praeceptum
517 1257 660 1316 statuisse.
693 1255 849 1314 Dilectioni
864 1254 938 1314 enim
954 1255 1005 1314 hos
1021 1258 1122 1315 statuit
1137 1258 1250 1331 limites,
1266 1267 1298 1320 ιιι

83 1375 85 1378 ·
116 1365 158 1421 ιιι
175 1379 207 1420 ιι
224 1362 346 1420 invicem
368 1362 508 1441 charitate
532 1363 789 1434 prosequerentur,
814 1359 888 1418 siout
912 1358 1042 1419 Christus
1064 1371 1233 1436 prosecutus
1251 1371 1298 1424 'est

116 1485 180 1526 eoo.
219 1469 292 1526 Item
308 1471 417 1543 quanta
439 1467 523 1539 huius
545 1465 640 1524 dilect'
620 1466 705 1524 tronis
721 1463 902 1539 profunditas
918 1473 994 1524 esset
996 1477 1109 1539 ,quarn
1125 1485 1208 1527 nemo
1223 1487 1298 1529 rnor-

114 1575 222 1632 talium
238 1573 332 1632 verbis
348 1572 443 1645 eloqui
458 1575 553 1644 queat.
609 1571 767 1629 Persentiri
783 1575 879 1630 tamen
894 1587 956 1630 eam
972 1589 990 1630 a
1004 1572 1086 1631 nobis
1101 1573 1197 1647 aliquo
1213 1575 1296 1634 modo

115 1695 205 1759 posse
222 1681 276 1736 etc.
300 1676 389 1750 Dens,
406 1677 455 1749 qui
471 1675 599 1734 charitas
616 1682 669 1750 est,
686 1674 768 1734 nobis
783 1683 812 1734 ιι
827 1677 900 1735 hanc
916 1677 1084 1738 charitatem
1099 1679 1208 1743 donare
1224 1683 1274 1740 ιι
1266 1700 1296 1740 ιιι

115 1802 152 1844 ιι
169 1799 363 1858 perseverare
379 1781 521 1856 dignetur
545 1781 646 1839 Arnen.

210 1886 321 1948 Eadem
336 1887 483 1946 Liborium
499 1885 537 1946 ad
555 1886 685 1945 comitem
707 1885 853 1945 uNassau
870 1885 1004 1959 misimus,
1029 1860 1083 1959 ipsi
1099 1905 1150 1946 nos
1165 1891 1296 1949 comitem

115 2013 134 2054 a
151 1994 328 2067 Schomberg
343 1993 543 2065 convenimus,
570 1996 707 2064 rogantes
722 1997 754 2050 ut
768 1990 887 2080 fratrem
903 1999 984 2051 suum
999 1992 1231 2067 archipraesulem
1246 2011 1294 2055 eo·

115 2119 194 2176 rum,
211 2117 275 2174 quae
290 2099 372 2158 uobis
387 2098 496 2174 pollicit
497 2115 531 2156 us
546 2103 619 2171 erat,
636 2113 747 2156 memor
762 2113 825 2156 esse
841 2098 940 2172 vellet,-
953 2098 1126 2157 hortaretur.

210 2203 321 2264 Eadem
336 2203 504 2264 Wilhelmus
523 2217 617 2262 comes
639 2205 866 2278 aWitgenstoiu
882 2204 1036 2263 ‘nobiscum
1058 2221 1181 2278 pransus
1203 2211 1246 2282 est
1267 2213 1296 2266 ιι
1330 2251 1332 2256 .

119 2309 272 2372 confestim
288 2326 307 2368 a
325 2307 447 2383 prandio
462 2309 590 2368 Joannes
611 2306 702 2368 frater
721 2317 819 2373 noster
845 2326 907 2368 oum
928 2309 1099 2369 Wendelino
1123 2309 1295 2370 Oolbechero

120 2421 180 2478 iter
195 2419 226 2476 in
240 2417 363 2492 patriam
379 2415 519 2490 arripuit,
545 2432 629 2488 quem
646 2415 760 2476 Samuel
776 2420 805 2474 ιι
818 2395 949 2475 Eubulus
963 2416 1002 2474 ad
1016 2415 1109 2476 stadia
1124 2417 1235 2489 aliquot
1249 2429 1297 2475 ex:

120 2531 171 2584 ιιι
185 2524 348 2596 Augustam
362 2518 552 2581 deduxerunt.
575 2510 801 2594 Per·noctaturus
817 2525 913 2608 autem
929 2523 998 2580 erat'
1007 2537 1101 2580 comes
1116 2522 1134 2580 J
1136 2515 1244 2582 oannes
1259 2521 1296 2581 ad

121 2630 266 2692 Werdam
280 2627 416 2702 Danubii,
429 2623 519 2700 ‘quam
534 2627 634 2686 incolae
651 2625 830 2688 Schw'ebisch
845 2626 949 2685 Werdt
964 2627 1120 2686 nominant.

168 2733 292 2794 tha
306 2733 493 2793 wandelinus
509 2737 668 2812 antequam
678 2731 771 2792 abiret
785 2729 874 2788 Floro
896 2732 1020 2790 omnium
1035 2733 1180 2790 comitum
1178 2735 1296 2792 nomine

120 2839 187 2916 (ιιι
197 2845 295 2899 tamen
310 2826 452 2917 inconsult
439 2834 482 2911 to)
500 2836 598 2912 edixit,
621 2839 738 2897 comites
753 2835 872 2908 posthae
881 2845 1025 2907 expensas
1040 2854 1093 2930 pro
1108 2837 1158 2896 illo
1173 2853 1231 2896 non
1246 2853 1294 2896 ex-

120 2946 279 3020 posituros.
305 2943 362 3002 Sed
377 2943 453 3003 idom
468 2943 574 3005 Lindie
586 2943 668 3016 quod
682 2943 780 3001 Floro.

213 3051 300 3108 Venit
314 3049 456 3109 Henricus
472 3027 601 3123 Winter,
628 3048 763 3108 Werneri
777 3044 867 3118 filins,
893 3046 942 3119 qut
957 3047 1033 3119 apud
1049 3014 1232 3104 Francisoum
1247 3065 1296 3107 no-

121 3156 168 3215 bis
184 3171 220 3214 ιιι
235 3161 318 3228 patre
332 3152 474 3212 fratrem
467 3171 496 3212 ιιι
511 3153 617 3228 Anglia
632 3169 724 3213 annos
735 3153 844 3226 aliquot
858 3150 972 3216 ιιιιιιι.
986 3152 1069 3209 Nunc
1084 3156 1179 3209 autem
1193 3135 1297 3216 nudius

122 3261 228 3320 tertius
244 3259 404 3333 Augustum
428 3263 491 3317 curn
512 3258 625 3318 domino
636 3257 684 3326 ,de
706 3258 805 3332 Habyt
824 3257 981 3318 Britanniae
997 3262 1027 3316 ιι
1046 3256 1204 3332 Anglorum
1220 3259 1303 3332 regis·

122 3367 222 3440 legato
238 3359 403 3426 advenerat.
501 3367 506 3376 ‘

214 3469 280 3530 Mos
296 3470 332 3530 ab
341 3469 442 3544 Anglis
453 3474 586 3529 servatur
599 3463 638 3545 ἰιι
653 3472 749 3534 nescio
765 3486 837 3545 quas
852 3471 1056 3528 conventiones
1068 3458 1146 3527 'inter
1161 3481 1297 3531 emsarem

121 3577 155 3638 ἰι
169 3593 264 3650 reges,
280 3581 314 3637 ιιι
328 3574 440 3649 Angliae
459 3575 571 3662 legatus
592 3578 712 3651 integro*
728 3576 853 3635 triennio
869 3576 963 3636 aulam
979 3577 1092 3634 caesaris
1108 3573 1298 3648 subsequitur

124 3700 158 3742 ιι
173 3657 287 3755 semper
302 3665 410 3757 praesto
423 3683 463 3740 sit
477 3698 529 3741 nec
549 3682 665 3740 interim
679 3682 734 3740 nisi
748 3657 860 3753 magnis
880 3678 915 3738 de
930 3682 1023 3738 causis
1042 3680 1098 3752 ipsi
1112 3680 1234 3752 patriam
1249 3695 1295 3737 re-

123 3793 226 3862 petere
240 3787 334 3848 liceet.
358 3787 455 3846 Finito
471 3793 566 3846 autem
580 3787 705 3845 triennio
721 3785 795 3853 alter
816 3772 937 3843 mittitur
952 3785 1019 3856 huic
1033 3782 1196 3857 succedens,
1211 3782 1296 3857 idque

124 3893 167 3950 sic
181 3892 300 3966 singulis
316 3893 447 3952 trienniis
461 3893 623 3966 legatorum
637 3887 757 3950 mutatio
772 3889 813 3948 fit.
1218 3887 1221 3901 '

159 4015 162 4020 ·
217 3997 317 4058 Comes
332 3999 487 4073 Philippus
497 3982 588 4056 freter
602 4001 700 4056 noster
716 4011 778 4052 cum
794 3995 906 4054 Joanne
921 3994 1068 4054 Friderioo
1090 3996 1214 4054 electore
1229 4013 1295 4070 cap·

123 4103 185 4163 tivo
201 4082 335 4162 coenam.
359 4103 456 4163 Ooenae
471 4107 577 4161 nostrae
588 4095 848 4174 JoachimusHagk
862 4101 1010 4167 intererat.
1034 4099 1061 4158 Α
1075 4117 1158 4160 omna
1169 4102 1297 4162 ioannes

125 4225 220 4270 comes
236 4224 255 4266 a
270 4208 418 4282 Retbberg
432 4219 486 4266 nos
500 4207 615 4266 invisiit.

217 4313 409 4374 (boloniensis-
429 4314 459 4370 in
481 4310 583 4371 «hortis
619 4310 842 4384 (incendendam,
877 4311 939 4384 eius
970 4327 1088 4372 uxorem
1124 4319 1153 4372 ιι
1183 4314 1296 4386 liberos,

126 4421 273 4480 dominum
307 4419 342 4477 de
370 4417 479 4476 Buistri
506 4423 535 4476 ιι
563 4417 624 4490 ejus
653 4417 818 4490 conjugem,
849 4415 993 4478 dominum
1025 4417 1061 4477 ds
1087 4418 1179 4492 Lyra,
1210 4419 1298 4478 domi-

126 4543 196 4586 num
211 4525 248 4586 de
263 4525 408 4600 Aigmont,
434 4523 570 4583 beronem
591 4523 627 4582 de
642 4520 825 4583 Brabantaon
847 4527 883 4582 ιιΙ
896 4524 941 4580 cui
955 4507 1057 4597 primae
1071 4522 1210 4583 debentur
1225 4523 1297 4582 Wil-
