3046 5104
107 628 208 687 bellus
223 628 301 686 visus
316 631 364 702 sit,
381 627 541 687 desciscens
556 645 574 687 e
588 631 710 688 veritnte
725 631 755 688 in
776 629 923 689 interitum
944 631 1063 692 trahens
1078 649 1174 694 secum
1189 651 1289 696 omnes

106 751 214 794 servos
231 735 294 807 ejus
310 733 439 793 Interim.

204 837 350 896 Dicuntur
365 837 460 896 adhuc
475 841 589 897 centnm
604 838 714 898 nobiles
731 855 767 897 ex
782 839 873 900 Cattis
889 845 919 900 et
933 841 998 900 eliis
1013 843 1175 904 nationibus
1190 861 1289 905 accen·

106 943 175 1015 siti,
199 944 250 1014 qni
265 943 387 1014 pecunie
406 942 632 1017 mulctabuntur,
658 943 734 1016 qnod
752 947 1013 1019 propugnatoribus
1035 947 1164 1008 vedtctis
1178 949 1284 1009 milito·

105 1047 217 1105 verint.

202 1151 327 1222 Quidam
341 1151 445 1225 Icelus,
468 1153 517 1223 qui
537 1151 676 1210 hactenus
696 1151 806 1223 primes
820 1157 886 1224 post
901 1153 1000 1212 ducem
1015 1154 1052 1214 de
1066 1153 1143 1213 Alba
1156 1155 1187 1214 in
1202 1171 1286 1216 excr-

105 1257 170 1312 citu
184 1269 351 1314 caesareano
366 1254 470 1314 dicitnr
484 1257 622 1328 tenuisse,
637 1257 766 1328 captivus
781 1256 922 1316 adductus
938 1264 991 1316 cst,
1024 1259 1079 1331 Qui
1094 1275 1158 1318 cum
1173 1261 1210 1320 ab
1225 1261 1284 1321 lte·

104 1359 144 1418 lis
159 1358 277 1418 effando
292 1365 320 1418 et
341 1359 517 1418 consolando
536 1366 703 1424 reverenter
721 1360 769 1418 bic
789 1361 904 1422 hcbitns
919 1365 970 1437 sit,
991 1364 1052 1435 jam
1064 1363 1148 1436 jussn
1162 1366 1286 1438 impera·

104 1465 180 1521 toris
196 1479 317 1536 prorsus
333 1463 465 1522 omnibus
480 1463 643 1537 prohibitus
659 1470 702 1523 est
716 1464 754 1525 ad
768 1467 861 1539 ipsum
883 1483 1023 1528 accessus.
1061 1467 1102 1528 Et
1116 1468 1182 1528 ltcli
1197 1469 1284 1542 hujus

105 1566 196 1639 pedes
211 1548 323 1626 catenis
338 1569 486 1627 constricti
502 1567 644 1627 dicuntur.

196 1671 277 1732 Nota
292 1671 327 1731 de
342 1673 455 1731 Joenne
469 1673 630 1746 Ungnaden
645 1676 742 1746 equite
756 1677 896 1748 ungarico
912 1675 1064 1736 dicebatur
1078 1679 1207 1750 quemvis
1222 1693 1281 1738 non

101 1774 220 1836 iniimus
236 1778 466 1836 consiliariorum
473 1777 651 1836 Fordinandi
666 1781 744 1851 regis
760 1781 806 1852 sit,
822 1785 919 1838 temen
934 1783 1083 1840 conciones
1098 1784 1281 1842 ecclesiastc-

101 1899 167 1940 rum
183 1883 357 1955 evangelicae
372 1879 559 1955 professionis
573 1880 758 1955 frequentare
779 1899 814 1941 ec
833 1883 928 1956 palem
947 1883 1025 1955 apud
1046 1885 1186 1942 semideos
1209 1884 1284 1942 enli-

101 2003 152 2052 cos
166 1989 322 2046 i'eritctem
337 1984 500 2058 defendere,
516 1987 728 2060 propterquod
743 1993 772 2046 et
787 1987 869 2046 brevi
884 1988 1047 2046 missionem
1061 1987 1212 2048 habiturus
1220 2003 1280 2046 cu·

102 2092 172 2150 diet.
198 2091 305 2149 Procul
320 2089 434 2161 abhinc,
452 2091 576 2162 quivult
591 2102 653 2150 esse
669 2091 742 2164 pius.
937 2151 940 2162 ,

193 2196 306 2254 Eadem
327 2194 473 2254 doctorem
493 2194 661 2254 Udclricum
682 2195 862 2254 Mordteiscn
886 2194 1068 2253 convenimus
1083 2195 1119 2254 ab
1134 2209 1169 2253 eo
1185 2193 1280 2254 edocti

103 2301 208 2359 ducem
223 2298 393 2357 Mauritium
407 2298 479 2356 nihil
501 2300 674 2357 consiliariis
698 2301 757 2358 suis
773 2300 911 2374 Anguste
926 2303 991 2372 post
1006 2315 1037 2358 se
1051 2299 1160 2358 relictis
1174 2298 1211 2358 dc
1225 2315 1279 2359 no·

103 2410 166 2464 stra
182 2419 270 2462 causa
284 2405 458 2461 commisisse
474 2402 645 2474 eosdemque
660 2421 767 2477 paucos
783 2405 845 2464 dies
859 2405 1004 2478 posthinc
1018 2403 1155 2463 abituros.

195 2507 223 2566 A
238 2525 322 2568 coena
336 2507 532 2568 Merschelcus
548 2507 684 2566 Luderitz
699 2509 781 2568 nobis
796 2509 896 2568 retulit
919 2509 1110 2567 marchionem
1125 2508 1279 2568 electorem

102 2613 263 2686 pollicitum
278 2628 309 2670 se
325 2617 355 2670 et
369 2614 461 2670 nostri
475 2615 646 2672 mentionem
669 2613 747 2684 cpud
769 2627 906 2670 caesarcm
918 2611 983 2671 fieri
997 2627 1166 2685 procurasse
1181 2617 1211 2672 et
1225 2612 1279 2672 nd·

101 2718 161 2776 hnc
175 2723 210 2777 nt
222 2717 301 2776 -idem
316 2714 368 2774 nal
379 2716 481 2788 jubere
496 2717 579 2775 velle,

194 2822 314 2881 Fratres
331 2824 421 2879 nostri
437 2819 515 2894 opud
529 2823 661 2878 comitem
677 2819 712 2878 de
722 2819 837 2878 Nasson
854 2824 883 2878 et
899 2818 1182 2879 doctoremOerolum
1188 2818 1280 2879 Horat
1310 2877 1312 2882 .

106 2943 212 3001 parum
228 2926 340 2984 consilii
354 2941 499 2997 reperere.

193 3030 306 3088 Eadem
326 3031 403 3102 apud
418 3027 580 3088 conradum
594 3029 721 3087 Febrem
739 3028 770 3084 in
789 3041 872 3085 nsum
893 3043 991 3086 socrus
1006 3025 1217 3099 horologiolum
1231 3025 1277 3086 ie·

102 3135 212 3195 bricari
227 3137 398 3194 curavimus.
423 3134 575 3194 Constabit
589 3135 715 3206 quinque
730 3131 854 3190 florenos
870 3131 1025 3190 communis
1039 3135 1172 3189 monetae.

196 3239 366 3298 chunradus
381 3241 463 3312 Foss,
480 3239 499 3297 J
501 3230 608 3298 oannes
618 3237 772 3310 Leidebur,
788 3235 960 3294 Franciscus
975 3235 1105 3294 Leunick
1120 3235 1156 3293 de
1168 3249 1278 3296 summe

102 3346 235 3418 pecunie
251 3359 314 3402 cnm
330 3345 501 3402 caesareenis
516 3343 623 3416 harpiis
639 3357 808 3416 convenere,
822 3346 881 3400 tem
895 3342 1009 3401 lucrose
1031 3355 1077 3400 res
1093 3344 1137 3399 est
1150 3341 1277 3414 impero·
1327 3395 1332 3401 ,

102 3450 188 3509 toriis
203 3449 287 3509 bonis
302 3449 477 3507 inserviisse.
950 3511 953 3518 Ἰ

193 3555 234 3627 xij
250 3555 332 3614 Junii
345 3555 375 3612 in
390 3553 452 3612 aede
466 3552 598 3612 Mauritii
612 3551 791 3626 Wolgangus
805 3551 953 3610 Museulus
976 3550 1038 3610 haec
1057 3552 1147 3610 verba
1162 3567 1198 3610 ex
1211 3567 1277 3624 cap,

107 3660 147 3716 15
164 3659 286 3718 Joennis
301 3659 387 3732 legit:
412 3658 499 3716 »Non
514 3673 564 3714 vos
578 3672 624 3715 me
638 3659 781 3731 elegistis,
798 3656 849 3714 sed
864 3672 918 3730 ego
934 3656 1007 3728 elegi
1027 3671 1079 3714 vos
1095 3660 1126 3712 et
1139 3637 1276 3713 constitui

103 3779 155 3823 vos
170 3769 204 3821 ut
218 3766 291 3823 eatis
307 3769 336 3822 et
350 3762 474 3823 fructum
496 3760 633 3835 efferatis,
650 3768 680 3820 et
693 3761 802 3820 fructus
818 3762 914 3819 vester
927 3761 1057 3830 maneat,
1072 3762 1117 3829 ut,
1135 3754 1277 3828 quidquid

104 3869 245 3941 petieritis
260 3874 372 3942 patrem
386 3870 417 3926 in
432 3870 546 3926 nomine
560 3883 634 3940 meo,
650 3865 819 3940 detrobis.«
844 3862 956 3922 Deinde
971 3861 1070 3920 eedem
1084 3859 1175 3920 verbe
1189 3877 1279 3935 pecu·

103 3973 170 4032 lieri
185 3973 308 4046 quodam
324 3975 440 4046 spiritus
455 3989 478 4031 s.
494 3973 570 4031 dono
586 3970 763 4044 explanavit,
781 3967 877 4026 dicens
892 3965 939 4023 hic
953 3964 1143 4024 animadverti
1158 3963 1276 4039 debere,

104 4095 162 4150 quo
177 4079 272 4137 animo
289 4077 419 4152 Christus
435 4082 464 4136 et
478 4076 672 4149 precedentis
686 4079 716 4132 et
729 4073 791 4130 hacc
806 4069 925 4144 dixerit,
949 4070 1083 4128 nimirum
1096 4073 1134 4128 *ut
1150 4069 1280 4146 decipe-¹

103 4183 148 4241 los
163 4185 194 4243 in
209 4187 338 4242 mutuam
361 4183 543 4242 dilectionem
563 4178 723 4237 attraheret
742 4175 872 4249 exemplo
892 4180 922 4234 et
936 4173 1110 4234 exhibitione
1125 4174 1278 4234 charitatis

104 4303 163 4344 suae
179 4303 250 4360 erga
264 4288 342 4361 ipsos
358 4293 411 4346 etc.
450 4286 501 4344 Ait
523 4298 636 4357 quoque
652 4283 680 4342 d.
695 4282 888 4355 Augustinum
905 4281 981 4340 hunc
999 4281 1093 4339 locum
1108 4279 1224 4353 quidem
1238 4278 1276 4338 dc

104 4393 260 4452 universali
280 4392 419 4452 electione
442 4393 567 4450 omnium
590 4385 815 4446 christifidelium
835 4390 865 4444 et
885 4387 1041 4445 electorum
1055 4385 1111 4445 Dei
1134 4384 1172 4443 od
1185 4386 1276 4444 vitem

104 4497 218 4556 beatam
232 4497 404 4572 intelligere,
420 4497 492 4556 sicut
514 4501 546 4555 et
561 4496 589 4554 d.
605 4493 711 4554 Paulus
727 4491 809 4552 dicit:
833 4491 909 4564 Quos
929 4487 1156 4564 praedefinicrat,
1177 4486 1230 4548 hos
1245 4492 1277 4546 et
