3020 5112
794 423 857 500 {98

242 624 309 682 dnm
326 623 457 694 dicerem,
480 633 588 693 'rogam
603 634 649 677 me
664 619 749 678 deum
764 621 823 693 opt.
839 625 914 678 max.
930 623 964 678 ut
977 617 1040 694 ipse
1055 631 1171 692 qnoque
1185 630 1250 674 oum
1264 615 1426 675 letitia'et

240 727 387 789 commodo
403 726 520 785 tandem
535 739 630 782 oausae
645 739 705 783 sua
720 739 888 798 prosperum
903 724 1011 782 exitum
1025 723 1150 783 nancisci
1166 721 1257 796 possit
1271 725 1328 780 etc.
1337 725 1356 795 ,'
1370 737 1422 781 re·

226 831 369 908 spondit:
393 830 500 889 Secura
515 835 560 888 est
573 827 643 886 mihi
658 829 833 888 conscientia
847 833 877 887 et
890 829 974 888 deum
988 831 1092 888 testem
1105 827 1222 899 invoco,
1243 825 1324 898 quod
1339 825 1420 884 nihil

224 942 383 1013 appetam,
400 951 484 1008 quam
500 933 578 1008 quod
593 932 685 991 mihi
674 951 740 1006 pure
755 934 851 994 (ιιιιιιο
868 940 896 994 et
910 934 1034 992 humane
1039 925 1148 992 deberi
1164 931 1265 1002 sciam,
1287 946 1346 993 nec
1361 931 1423 990 hoc

225 1041 376 1117 equidem
368 1055 462 1116 rpsum
477 1041 554 1099 omni
570 1054 606 1097 ex
621 1043 705 1112 parte
720 1038 863 1170 integrum
877 1037 959 1098 r'eddi
975 1043 1052 1112 peto,
1068 1037 1154 1097 modo
1164 1037 1287 1109 equitas
1301 1051 1423 1095 mecum

229 1153 383 1208 servetur
896 1171 898 1176 ·

236 1243 239 1248 ’
328 1251 439 1326 Rogavi
454 1249 576 1310 eundem
591 1247 721 1307 comitem
735 1253 768 1307 ut
788 1263 835 1308 me
854 1245 933 1324 apud
952 1249 1199 1323 archiepiscopum
1219 1245 1422 1305 coloniensem

241 1363 408 1418 excusatum
421 1355 564 1416 haberet
556 1355 682 1428 maique,
700 1353 777 1426 quod
791 1371 846 1428 pro
860 1370 905 1413 me
920 1355 1107 1458 intercedere
1116 1351 1252 1426 dignatus
1266 1352 1321 1424 ιιι,
1348 1367 1421 1425 gra-

241 1463 298 1522 tias
313 1466 421 1536 ageret.

331 1565 465 1638 Philippo
481 1577 593 1636 quoqne
609 1577 627 1621 a
641 1561 813 1639 Homherg
805 1565 917 1638 injunxi
931 1569 974 1624 nt
982 1579 1028 1624 me
1049 1495 1134 1637 apud
1145 1567 1299 1638 cognatum
1318 1562 1420 1622 archi·

229 1671 407 1744 -apisoopum
422 1668 629 1726 Transrensem
644 1675 795 1736 excusaret
810 1677 844 1728 ao
859 1668 996 1730 nonnulla
1010 1667 1053 1726 illi
1066 1666 1198 1728 referret

229 1809 233 1814 -
332 1772 502 1834 wilhelmus
526 1787 661 1836 comesa
689 1773 880 1847 Witgenstsiu
907 1773 989 1834 nobis
1004 1765 1150 1833 ‘valedixit
1175 1779 1205 1832 et
1228 1773 1349 1833 nomine
1368 1785 1421 1834 oo·

244 1879 320 1938 uritis
333 1878 454 1939 loannis
469 1865 493 1937 ι’
502 1877 570 1937 Scin
584 1876 732 1938 nobiscum
745 1879 857 1938 locutus
872 1884 917 1938 est
930 1893 986 1937 von
1000 1877 1098 1938 Hansz
1112 1877 1202 1938 Lohe.
1251 1865 1259 1870 ’

262 1997 265 2004 ·
334 1981 464 2042 Tandem
487 1982 525 2041 ed
547 1983 703 2058 hospitium
725 1989 873 2042 revertens
896 1983 1002 2057 hospiti
1024 1999 1077 2057 pro
1100 1982 1219 2058 singulis
1242 1983 1423 2047 solutionem

244 2089 332 2151 lieri
320 2089 404 2163 qussi,
420 2103 488 2147 οοοο
504 2086 656 2160 diploidem
671 2089 795 2148 sericam
806 2087 882 2148 dedi.
913 2076 1012 2150 Jostus
1028 2088 1125 2149 trahes
1140 2093 1171 2148 et
1184 2088 1266 2162 agna
1279 2087 1348 2148 dari
1364 2089 1422 2148 sihi

244 2193 331 2269 eupit

335 2295 414 2356 Seldi
427 2296 553 2357 doctoris
568 2298 652 2356 uxori
670 2297 798 2356 thaleros
817 2258 1005 2372 quindecim·
996 2317 1027 2358 m
1045 2298 1231 2358 honorarium
1251 2297 1327 2358 misi.
1362 2297 1420 2358 Ga-

245 2403 371 2463 tenulam
386 2417 503 2460 auream
521 2415 575 2475 pro
593 2397 692 2460 decem
711 2404 741 2461 et
761 2407 871 2477 septem
882 2401 1010 2463 'thaleris
1027 2403 1298 2477 etquatuordecim
1321 2403 1422 2464 batais

245 2507 282 2566 ιι
298 2505 422 2566 Otthoue
437 2504 501 2564 auri
516 2502 599 2565 iahro
614 2505 645 2564 iu
659 2507 774 2566 xenium
790 2507 887 2569 ιιιοιιι
903 2509 976 2567 emi:
1048 2508 1051 2512 ’

334 2609 456 2668 Lindius
472 2625 520 2684 ea,
537 2607 601 2684 (ιιι
616 2610 660 2670 illi
675 2611 885 2672 committebam
901 2613 980 2689 (nam
994 2613 1102 2672 Florus
1117 2627 1231 2686 quoqne
1245 2628 1420 2674 recessurus

245 2713 320 2791 erat)
336 2712 445 2789 optima
459 2712 516 2773 fide
531 2729 562 2774 se
578 2720 763 2776 executurum
777 2711 917 2789 promisit

297 2819 458 2878 Pileoloe
473 2819 648 2880 holosericae
664 2823 791 2895 quinquo
804 2823 835 2880 ιι
850 2835 933 2882 usum
953 2821 1051 2940 filiolas
1070 2827 1100 2882 et
1120 2820 1360 2897 pedissequarum
1381 2821 1421 2884 ah

243 2923 357 2998 hospite
372 2928 472 2983 nostro
488 2925 553 2983 emi.

333 3027 438 3090 Lindio
453 3029 557 3088 thaleri
565 3021 630 3090 duo
645 3029 704 3090 da
682 3035 706 3090 1
722 3036 798 3090 sunt.

334 3133 464 3194 Tandem
479 3133 615 3194 Glaserus
629 3136 767 3210 magister
781 3137 861 3195 venit
874 3137 956 3198 nobis
971 3153 1141 3212 prosperum
1155 3138 1211 3198 iter
1225 3081 1364 3212 precatus
1384 3156 1420 3200 ac

245 3243 358 3304 litteras
373 3239 411 3298 ad
425 3241 585 3314 principem
599 3257 682 3300 sunm
697 3242 784 3301 uobis
797 3241 926 3302 tradidit.
998 3232 1003 3240 ’

334 3343 465 3417 Hospitis
478 3345 577 3418 uxori,
597 3344 741 3405 libertast
755 3342 870 3406 familiae
885 3349 916 3406 in
930 3307 1081 3424 propinem
1089 3345 1104 3422 ‚'
1121 3353 1154 3406 nt
1167 3352 1284 3431 ιοιιιιι,
1309 3343 1418 3412 thalari

246 3453 311 3509 octo
333 3452 363 3507 ot
386 3448 462 3506 batzi
481 3465 533 3508 sex
552 3449 613 3510 dati
635 3457 710 3510 sunt.
746 3450 839 3510 Porro
861 3451 979 3513 Liborio
1000 3453 1171 3528 injunctum,
1195 3458 1228 3512 ut
1247 3453 1278 3512 in
1297 3456 1418 3514 tertiam

246 3569 337 3628 usque
351 3553 456 3613 abhinc
469 3553 544 3612 diem
558 3552 696 3640 Angusta
711 3561 944 3638 commoraretur.
1218 3545 1220 3548 ⁵

333 3659 413 3719 Nota
432 3660 510 3733 quod
531 3675 694 3733 quanquam
713 3661 894 3722 Hermannus
916 3679 934 3722 a
953 3649 1080 3724 Viermiu
1100 3664 1337 3739 apuduostrates
1352 3667 1415 3741 glo-

229 3803 232 3810 ,
244 3766 336 3824 rietus
351 3765 397 3838 ιιι,
413 3780 445 3824 se
459 3765 580 3839 litteras,
597 3770 630 3824 ut
643 3765 684 3825 ita
698 3767 810 3841 loquar,
826 3769 1016 3842 protectorias
1032 3785 1050 3828 a
1064 3783 1172 3828 casare
1185 3767 1300 3844 hahere,
1317 3771 1416 3833 tamen

245 3885 303 3930 non
318 3870 411 3928 miuus
425 3870 472 3930 hie
487 3859 665 3931 consiliarios
679 3872 842 3946 imperiales
856 3874 893 3932 de
908 3873 1074 3933 redditibus
1082 3890 1116 3932 ac
1125 3872 1309 3934 facultatibus
1323 3877 1416 3953 ipsius

245 3958 461 4047 diligentissime
482 3976 597 4048 inquiri.
627 3977 721 4050 aude,
744 3978 869 4052 Viglium
889 3978 1007 4038 dixisse:
1031 3977 1135 4038 Videat
1153 3979 1337 4042 Hermannus
1357 4003 1415 4060 quo

247 4078 359 4137 Theseo
373 4079 425 4138 has
440 4081 550 4140 litteras
565 4075 666 4142 nactus
682 4082 728 4141 sit.
752 4083 824 4143 Item
841 4083 877 4144 de
886 4083 1024 4158 Vulphila
1036 4075 1114 4144 intus
1130 4091 1159 4145 et
1173 4085 1204 4143 in
1220 4091 1284 4147 cute
1299 4090 1415 4149 nomine

246 4186 276 4240 et
290 4165 420 4256 relupo.
451 4185 685 4260 Interrogaverat
704 4203 818 4261 quoqne
837 4188 948 4262 Viglins
969 4187 1188 4265 Kniephausen,
1213 4178 1350 4266 quidnam
1371 4197 1415 4254 rei

246 4286 397 4346 comitibus
411 4303 430 4347 a
445 4288 585 4350 Waldeek
599 4309 664 4351 enm
678 4291 833 4353 baronibus
849 4294 886 4353 de
899 4293 1023 4365 Romen,
1041 4296 1090 4367 qui
1104 4296 1135 4354 in
1146 4297 1253 4370 campis
1268 4298 1413 4358 latissimis

247 4391 411 4454 Seudtfeldt
424 4395 455 4452 in
468 4400 564 4455 castro
577 4396 692 4457 Bouron
707 4403 965 4474 commorarentur,
989 4404 1078 4475 esset,
1101 4401 1184 4475 qnasi
1199 4403 1266 4475 quia
1284 4401 1365 4478 Argo
1384 4405 1413 4464 in

230 4498 431 4574 sexpiscandis
446 4500 567 4562 aliorum
581 4503 864 4578 negodisoculatior
878 4499 932 4564 hoo
946 4504 1078 4566 nesciret.
1196 4531 1201 4536 ·
