3046 5104
672 467 736 534 107

107 664 176 706 enm
192 647 334 708 accedere
348 648 510 709 volentibus
525 649 639 708 obviam
649 647 745 716 ·factus
761 653 815 710 ait:
833 651 927 724 Quid?
943 669 1010 712 num
1025 671 1076 713 vos
1088 657 1220 730 querelas
1235 658 1286 718 ad-

106 747 216 812 fertis?
231 753 298 813 Jam
311 741 409 812 ⁴a'nlnro
424 735 580 814 statueram
595 757 726 830 ipseego
736 757 816 816 vobis
831 759 942 830 sumpta
954 748 1098 833 c‘xhibere,
1113 766 1228 834 quantis
1243 767 1287 823 in·

105 859 195 930 jnriis
220 857 329 918 subditi
352 860 444 918 nostri
467 875 485 918 a
505 859 656 920 comitibds
678 859 854 933 afficientem
879 868 909 922 et
929 863 1007 936 quod
1028 880 1073 924 me
1094 866 1169 925 male
1190 844 1300 941 habet(

109 979 186 1021 uxor
207 965 353 1035 praterea
373 964 486 1052 comitis
500 963 632 1024 Wolradi
652 967 848 1024 contumacius
866 967 905 1026 ad
925 983 1004 1047 meos
1024 968 1203 1050 consiliarios
1222 959 1294 1043 ner·¹

110 1068 240 1140 scripsit.
280 1065 338 1124 Sed
360 1067 461 1142 modo,
485 1069 593 1142 inquit,
616 1067 652 1126 de
674 1069 719 1134 bis
742 1070 829 1128 latius
852 1069 948 1130 dicere
971 1061 1146 1146 nouvarai,
1170 1074 1289 1146 posthac

110 1175 211 1229 omnia
226 1151 307 1230 'vobis
326 1170 450 1246 legenda
469 1170 618 1232 exhibebo.
655 1172 730 1231 Nam
750 1178 813 1232 erat
833 1177 929 1234 nescio
950 1191 1016 1250 qno.
1026 1177 1166 1236 abiturus.
1197 1179 1289 1239 Jussit

109 1277 211 1350 igitur
224 1291 318 1334 comes
341 1293 360 1336 a
380 1275 495 1337 Nassau
515 1292 568 1350 per
588 1273 724 1336 lindiam
746 1279 863 1336 comites
882 1258 1055 1340 aWaldeck
1075 1283 1112 1342 ad
1135 1284 1288 1356 prandium

110 1383 212 1462 ipsius.
228 1384 341 1456 venire,
360 1373 509 1456 saudturi,
533 1379 602 1454 quid
624 1383 755 1454 responsi
771 1373 796 1440 'a
819 1381 988 1444 coloniense
1010 1389 1187 1461 acceperint,
1211 1387 1289 1462 quod

111 1489 141 1545 et
156 1483 335 1556 facturuml.
366 1487 500 1576 Irritatus
516 1489 671 1562 astantem
686 1484 831 1546 Adrianus
850 1505 868 1548 a
889 1489 1009 1550 Zcrtnen
1031 1489 1068 1550 ob
1086 1465 1286 1566 corumptum,

111 1583 145 1648 ut
158 1591 224 1662 ipse
239 1591 352 1665 aiebat,
372 1591 474 1650 uxoris
488 1587 541 1650 dlii
555 1592 601 1648 sui
614 1581 784 1654 Hermanni.
879 1600 886 1608 ’
1150 1569 1157 1578 ’

207 1691 310 1754 Onnes
325 1694 495 1784 wilhelmus
510 1711 528 1753 a
542 1693 659 1754 Nassau
680 1696 740 1768 jam
760 1697 821 1770 agit
836 1698 928 1758 aetatis
943 1715 1002 1756 suae
1023 1715 1129 1763 annum
1143 1702 1286 1774 sexagesi-

112 1814 191 1856 mum
209 1797 367 1858 secundnm
382 1805 412 1858 et
423 1796 485 1862 'fuit
499 1814 638 1860 annornm
653 1797 760 1874 decem,
776 1799 843 1858 dum
858 1799 887 1859 in
902 1786 995 1862 adam
1011 1803 1149 1863 Ludouici
1164 1805 1289 1864 Palatini

114 1902 253 1965 electoris
269 1902 426 1962 deveniret.
1150 1919 1153 1929 “

207 2007 330 2068 Centum
344 2006 434 2068 libras
449 2009 531 2084 cupri
546 2023 597 2068 sex
610 2006 729 2071 thaleris
745 2009 843 2070 venire
858 1975 958 2068 eadem
973 2025 991 2068 a
1006 2009 1212 2070 mercatoribus
1227 2011 1289 2084 ejus
1326 2075 1328 2078 ,

100 2113 227 2174 'metalli
241 2107 420 2214 accepim.
456 2113 605 2172 Peditatus
633 2117 806 2174 caesarianus
827 2103 1040 2174 civitati'Ulmae
1063 2129 1167 2200 magna
1182 2117 1286 2174 incom-

114 2218 204 2280 moda
217 2215 327 2278 inferre
342 2217 454 2277 dicitur.
494 2218 631 2278 Civitates
646 2217 731 2280 Ulma
747 2223 776 2278 et
789 2219 921 2292 Augusta
943 2226 1007 2278 cum
1029 2219 1175 2280 cardinale
1189 2220 1287 2294 Augu·

114 2330 203 2384 stanc
216 2324 248 2382 in
260 2323 316 2382 hoc
323 2328 528 2397 conuenerunt,
538 2329 574 2382 ut
580 2321 818 2400 cncumicranecs
834 2329 864 2382 et
877 2325 982 2398 passim
997 2325 1169 2384 cursitantes
1184 2312 1288 2383 milites
1314 2347 1316 2351 ·

114 2429 311 2502 agricolarum
326 2427 492 2510 sanguinem
508 2427 672 2503 exigentes,
689 2429 719 2487 ni
733 2411 857 2504 principi
876 2429 962 2488 alicui
980 2427 1086 2488 addicti
1107 2430 1164 2508 sint
1179 2431 1299 2504 slipen--

115 2533 166 2594 dia
180 2532 322 2606 merituri,
338 2533 412 2592 etin
426 2534 484 2592 suis
499 2533 632 2592 dominiis
647 2534 792 2607 expoliari*
804 2538 833 2594 et
846 2533 918 2593 cadi
931 2521 1036 2607 ubique
1051 2520 1211 2602 admittant.

193 2635 393 2698 'Atrebatensi
411 2638 549 2711 scriptum
569 2637 798 2712 supplicationis,
828 2643 915 2712 prout
929 2643 1138 2722 statueramus,
1163 2639 1288 2698 nondum

114 2741 248 2803 chistum
263 2745 317 2802 est
341 2739 442 2800 Comes
458 2739 573 2814 Samuel
587 2741 618 2800 in
632 2759 683 2800 rus
698 2737 818 2816 abierat,
844 2757 933 2815 quare
948 2741 1094 2810 nobiscum
1110 2743 1187 2817 apud
1201 2745 1287 2808 comi-

117 2853 182 2908 tem
194 2845 234 2904 ab
246 2837 386 2910 mone
402 2860 459 2904 non
475 2851 520 2904 est
533 2861 664 2918 mansas.
851 2835 857 2842 “

208 2949 318 3016 Eadem
336 2949 441 3010 iberos
462 2966 515 3024 pro
538 2965 637 3010 eornm
661 2955 740 3010 more
761 2949 828 3026 pilae
851 2949 916 3014 lusu
935 2965 969 3010 se
984 2951 1142 3010 exercitare
1157 2949 1288 3010 vidimus.

116 3055 195 3118 Sunt
209 3063 305 3118 autem
321 3057 387 3131 pilea
402 3063 500 3118 eorum
516 3057 637 3118 diversse
652 3073 670 3114 a
685 3054 800 3130 nonnis,
816 3071 883 3114 uam
897 3056 974 3130 globi
989 3055 1110 3115 codacei
1126 3059 1192 3114 sunt
1202 3056 1289 3127 jassa

116 3163 325 3238 magnitudinis
339 3169 453 3224 tantum
467 3179 519 3238 ger
534 3160 658 3222 fistulam
673 3145 761 3246 vento
774 3157 873 3220 inflato
888 3144 1040 3226 tumentes.
1141 3195 1144 3201 Α
1235 3167 1238 3174 '
1266 3155 1272 3180 ⁸

209 3267 409 3329 Ferdinandus
420 3284 473 3328 rex
484 3269 607 3328 statibus
621 3253 732 3340 imperii
742 3265 879 3326 nonnulla
889 3267 919 3324 in
934 3264 1018 3326 dome
1033 3265 1290 3339 senatoriaprope

118 3373 191 3447 suit
203 3370 319 3446 scilicet,
338 3373 406 3448 quia
420 3373 450 3432 in
463 3367 593 3432 terminis
609 3377 638 3430 et
652 3369 811 3457 confinibus
826 3369 986 3430 Trncarum
1005 3385 1159 3456 regnmnm
1174 3386 1289 3434 suorum

117 3485 151 3540 ut
166 3480 197 3538 in
211 3479 334 3552 Vienna,
349 3477 508 3540 Pannoniae
523 3477 630 3559 et'aliis
644 3478 714 3537 locis
736 3474 924 3537 adtuendam
938 3477 1083 3535 nationem
1099 3476 1289 3548 germanicam

119 3589 150 3646 et
165 3584 276 3644 ancas
291 3583 486 3647 a-cnristiano
510 3583 580 3644 orbe
603 3599 639 3642 ex
660 3583 714 3642 heo
737 3587 821 3656 parte
841 3581 980 3641 arcendos
1001 3581 1173 3640 munitiones
1196 3580 1290 3638 extrui

119 3705 228 3762 magno
242 3676 360 3746 suorum
375 3687 540 3769 dispendio,
563 3704 684 3761 quorum
699 3693 827 3761 sumptus
844 3693 968 3761 quatuor
980 3669 1116 3744 miriades
1132 3685 1195 3744 auri
1210 3700 1291 3743 exce-

119 3793 234 3866 derent,
251 3792 403 3855 curaverit.
432 3792 509 3851 item
524 3791 709 3852 haereditaria
723 3810 814 3867 regna
829 3799 858 3851 et
877 3792 996 3852 ducatus
1010 3791 1099 3863 ipsius
1114 3790 1187 3848 adeo
1202 3791 1290 3850 conn-

120 3899 186 3960 nuis
197 3897 361 3958 -Turcarum
377 3887 589 3956 excursibnset
608 3895 854 3956 emundationibus
869 3896 1026 3970 exagitari,
1042 3899 1088 3952 ··ut
1103 3896 1150 3952 vix
1165 3911 1290 3967 unquam

120 4003 178 4079 illis
192 4003 338 4076 respirare
354 4001 447 4061 detur.
470 4000 516 4060 Ad
531 4002 593 4060 h'aec
607 4001 738 4086 inducias
753 3995 979 4075 quinquennales
990 3991 1227 4059 inter'Turcicum
1239 4001 1290 4058 im-

119 4097 286 4185 peratorem
307 4115 339 4167 et
359 4092 501 4188 Caesarem
520 4121 555 4164 ac
576 4105 789 4166 Ferdinandum
812 4108 1021 4180 intercessisse,
1053 4107 1132 4180 quus
1154 4099 1290 4178 temporis

118 4219 181 4272 tres
193 4213 255 4286 jam
270 4227 345 4286 pena
360 4211 435 4270 anni
444 4211 535 4286 elapsi
549 4211 615 4269 sint.
642 4211 698 4268 Vix
712 4211 800 4285 igitur
814 4211 844 4270 in
858 4209 976 4284 reliquis
986 4211 1096 4270 duobus
1105 4214 1187 4270 annis
1201 4229 1289 4285 appa·

119 4323 217 4378 ratum
231 4317 299 4378 belli
314 4318 479 4391 recuperari
502 4333 595 4392 posse.
633 4317 748 4390 Rogare
769 4316 1055 4390 igiturneg'estatem
1077 4333 1156 4376 suam
1176 4316 1291 4390 quoad

119 4421 307 4483 resarcienda
327 4420 389 4479 baec
409 4421 596 4506 incommoda
608 4425 637 4480 et
658 4419 887 4508 praeveniendam
909 4420 1068 4480 'Parcarum
1090 4421 1290 4496 truculentiam

121 4535 216 4590 status
230 4527 343 4601 imperii
367 4541 475 4586 summa
497 4527 593 4600 aliqua
613 4508 793 4601 pecuniaria,
816 4512 880 4596 qnae
895 4529 991 4584 tamen
1005 4526 1036 4584 iu
1050 4540 1153 4584 neruos
1168 4525 1236 4584 belli
1249 4523 1263 4582 f
1279 4555 1291 4568 ·
