3046 5104
683 425 749 496 161.

117 611 201 672 trina
215 610 297 684 rigat
310 615 341 672 et
353 606 465 670 fructus
481 623 581 669 eorum
600 609 631 668 in
650 607 766 668 ιιὶιιιιι
784 606 863 668 orbis
877 612 1022 668 terrarum
1041 611 1175 672 universa
1190 612 1295 688 germi-

117 719 203 776 nant.
235 715 275 776 Et
289 719 323 776 ut
336 715 411 774 Eue
429 719 560 788 tempore
576 713 647 774 deus
667 713 722 774 sibi
739 713 837 774 adhuc
856 717 1017 776 reservavit
1035 721 1144 790 septem
1162 718 1252 778 millia
1265 719 1297 778 in

116 821 225 895 lsrael,
241 821 290 894 qni
304 836 400 896 genua
414 834 511 887 coram
524 818 598 880 Beal
616 833 675 880 uon
689 816 844 895 flexerant,
865 821 907 880 ita
930 825 960 880 et
974 819 1028 881 hac
1043 827 1129 882 etate
1143 821 1220 884 bona
1241 839 1295 884 uos

18 935 19 938 ’
117 939 189 998 spes
204 929 304 986 manet
320 922 332 960 ¹
347 926 460 1000 aliquos
474 924 568 985 adhuc
590 940 740 998 superesse
755 925 935 986 christianos.
973 927 1101 988 Necesse
1114 934 1159 988 est
1173 929 1249 988 enim
1264 935 1297 990 ut

117 1045 188 1090 cam
203 1028 470 1106 Christusueucrit,
486 1031 612 1106 ahquam
627 1030 721 1090 adhuc
734 1028 821 1090 fidem
835 1030 976 1104 reliquam
990 1029 1126 1095 futurum.
1151 1032 1205 1106 Qui
1220 1034 1295 1092 euim

118 1132 209 1196 fleret
221 1136 344 1196 Paulum
359 1136 467 1196 dicere:
490 1137 552 1196 Nos
573 1137 623 1210 qui
636 1135 741 1210 reliqui
756 1135 872 1210 erimus,
888 1146 947 1196 neu
960 1140 1166 1212 proeveniemus
1182 1155 1232 1198 aos
1247 1141 1297 1214 qui

118 1239 284 1317 dormiam,
308 1241 362 1304 sed
376 1243 483 1301 mortui
497 1241 725 1316 suscitabuntur,
742 1257 795 1300 nos
810 1257 879 1302 vero
895 1241 1107 1308 immutabimur
1122 1249 1229 1304 etcum
1243 1243 1294 1304 dc·

118 1347 199 1408 mino
214 1348 363 1422 rapiemur
377 1348 408 1408 111
422 1364 492 1408 aera
506 1353 559 1408 etc.
599 1345 671 1406 Item
686 1345 817 1408 Christus
833 1347 914 1408 dicit:
932 1346 990 1410 Ubi
1006 1347 1063 1408 duo
1079 1353 1164 1408 erunt
1178 1350 1208 1408 in
1223 1355 1295 1424 agro

15 1539 19 1548 ¹
119 1467 190 1526 uua,
207 1468 282 1512 unus
297 1458 459 1514 assumetur
474 1457 506 1512 et
518 1453 593 1513 alter
606 1453 785 1529 relinquetur
800 1459 854 1514 etc.
884 1453 1012 1514 Locutus
1028 1459 1182 1516 est-autem
1197 1454 1234 1516 de
1248 1455 1293 1514 his

119 1557 209 1618 rebus
224 1563 256 1618 et
269 1558 324 1618 hoc
338 1555 434 1618 fructu
448 1553 608 1632 apostolico
623 1563 652 1618 et
666 1558 810 1634 quomodo
829 1564 975 1636 utcunque
995 1561 1178 1622 sevientibus
1193 1565 1293 1634 tyran·

120 1663 164 1722 uis
180 1662 273 1723 deleri
287 1679 348 1724 non
361 1669 477 1738 queant.
515 1665 561 1724 Ea
580 1665 696 1738 spiritus
716 1667 811 1739 matis
832 1670 865 1726 ut
879 1666 934 1740 piis
949 1665 1039 1726 corda
1052 1682 1113 1740 pre
1128 1666 1230 1726 letitie
1244 1683 1293 1741 ge·

119 1769 191 1828 stite
207 1769 352 1844 visasint,
369 1770 456 1848 deco
471 1776 567 1830 autem
582 1771 661 1848 qnod
676 1769 806 1830 Christus
828 1771 883 1830 ait:
907 1770 1070 1845 »Quicquid
1084 1773 1227 1846 petieritis
1241 1788 1293 1846 pa-

119 1878 196 1934 trem
211 1874 243 1932 in
258 1875 373 1938 nomine
387 1890 461 1949 meo,
478 1875 559 1936 dabit
573 1875 690 1948 vobis«,
706 1877 748 1934 eit
762 1874 947 1949 reproximis
962 1875 1147 1934 cordonibus
1162 1877 1233 1936 satis
1249 1892 1295 1937 su·

119 1991 232 2052 perque
248 1979 387 2050 duocimo,
425 1980 490 2040 Huc
512 1983 609 2042 autem
624 1980 708 2041 uobis
722 1977 946 2054 respiciendum,
971 1983 1003 2038 ut
1021 1981 1053 2038 in
1068 1981 1256 2042 observantia·
1266 1986 1296 2040 et

120 2085 435 2148 consensu-electionis
455 2085 563 2147 christi
581 2091 800 2162 perseuerantes
823 2085 934 2150 aniame
956 2091 1070 2152 nostros
1085 2086 1115 2144 in
1129 2087 1295 2162 promissio-

119 2207 172 2250 nes
189 2189 298 2252 Christi
312 2189 433 2272 figamus
448 2197 478 2250 et
492 2207 607 2256 oremus
618 2189 704 2266 juxta
719 2191 895 2250 voluntatem
910 2189 1109 2264 Christi;.tum
1124 2193 1199 2253 enim
1213 2206 1295 2250 nosa

118 2300 206 2369 patre
219 2297 372 2357 exauditos
384 2297 436 2371 iri,
453 2313 506 2358 nec
520 2313 593 2372 opus
608 2313 675 2364 esse,
685 2296 733 2355 hic
747 2295 898 2360 sollicitum
913 2312 976 2356 esse
991 2281 1027 2356 de
1042 2297 1225 2357 inuocatione
1239 2297 1293 2356 ali·

119 2418 205 2464 orum
218 2407 416 2477 patronorum,
432 2409 483 2463 aut
497 2403 533 2462 de
547 2402 652 2462 hacre
665 2402 812 2476 disputare
835 2419 869 2462 ac
884 2418 984 2462 eornm
1000 2402 1130 2462 oratione
1144 2419 1199 2479 per
1215 2401 1296 2462 Chri·

120 2514 198 2570 stum
212 2507 296 2569 nobis
310 2507 479 2584 praescripto
490 2509 554 2568 luce
566 2509 671 2570 clarius
681 2509 799 2584 liqueat,
814 2510 852 2570 ad
868 2518 952 2584 quem
967 2515 1097 2572 orarect
1111 2510 1180 2584 quid
1196 2515 1295 2584 petere

121 2615 288 2676 debeamus.
326 2611 409 2675 Idem¹
420 2613 561 2689 dommus,
575 2629 628 2672 rex
643 2619 673 2674 et
692 2613 831 2690 liberator
853 2619 952 2676 noster
967 2616 1053 2676 Jesus
1069 2614 1199 2674 Christus
1215 2630 1295 2676 mens

120 2721 254 2795 etimago
263 2721 355 2795 patris
365 2719 547 2794 ejusdemque
556 2717 631 2778 tilius
637 2719 739 2780 unicus
746 2726 776 2778 et
784 2719 913 2794 dilectus,
928 2721 989 2794 qui,
999 2720 1235 2794 cumipsametsit
1246 2735 1294 2779 ve·

120 2825 204 2899 uites,
221 2830 251 2884 et
264 2841 333 2884 uere
355 2825 427 2886 dixit
439 2823 563 2888 fructum
578 2825 773 2900 apostolorum
787 2839 953 2884 mansurum
967 2829 997 2884 et
1015 2821 1155 2886 hacteuus
1169 2823 1294 2884 hactum

122 2931 312 3006 apostolicum
324 2935 540 3005 permanentem
549 2931 743 3004 conservavit,
754 2931 779 2988 is
792 2929 873 2989 nobis
889 2937 919 2990 et
930 2930 1038 2990 auxilio
1048 2935 1077 2989 et
1088 2930 1222 3004 presidio
1233 2945 1296 2988 esse

122 3037 202 3110 velit,
212 3041 248 3096 ut
257 3035 334 3096 huno
346 3053 426 3112 purae
437 3034 706 3096 coannefruccum
715 3035 884 3094 inconcusse
898 3033 955 3094 fide
966 3039 995 3122 ct
1004 3035 1243 3107 charitatemque
1258 3035 1297 3094 ad

122 3147 283 3202 extremum
297 3143 364 3200 vite
378 3142 498 3204 halitum
511 3143 728 3216 persentiamus,
739 3141 780 3199 nil
791 3140 939 3216 conterriti
952 3145 997 3200 ιιι
1010 3145 1199 3214 tyrannorum
1212 3141 1297 3198 minis

123 3251 154 3305 et
176 3245 424 3324 persecutionibus
446 3263 480 3308 ac
499 3263 536 3306 ne
558 3249 693 3322 priorum
709 3247 856 3324 doctorum
882 3247 1085 3308 notitionibus
1107 3261 1160 3306 uec
1182 3261 1296 3320 quoque

122 3351 326 3413 hereticorum
346 3353 492 3415 erroribus
520 3351 705 3429 seducamur,
730 3369 787 3426 quo
812 3351 1015 3414 adveniente
1007 3370 1070 3428 ipso
1093 3352 1208 3413 domino
1233 3367 1297 3414 cum

124 3460 230 3520 ceteris
245 3460 369 3520 electis
361 3449 418 3534 rp'si
432 3459 545 3520 obuiam
559 3460 706 3534 rapiamur
717 3459 751 3517 in
765 3475 851 3536 aera,
875 3460 921 3519 cui
934 3474 1011 3520 nunc
1025 3465 1055 3520 e
1075 3461 1121 3518 in
1129 3463 1298 3534 perpetuum

123 3581 189 3636 cum
203 3563 257 3626 deo
272 3571 355 3644 patre
371 3569 438 3626 ets.
454 3565 557 3640 spiritu
572 3562 663 3624 omnis
678 3563 916 3639 sithonor,1aus
932 3571 962 3624 et
975 3566 1077 3640 gloria
1108 3563 1239 3622 Amen·

213 3670 323 3731 Eadem
341 3673 568 3746 comparavimus
587 3666 670 3731 uobis
688 3671 777 3732 libros
798 3669 872 3730 duos
887 3672 1086 3744 ιιιιιιιιιιιιι,
1109 3683 1182 3740 quos
1197 3667 1295 3725 Hada-

122 3778 233 3836 mau'us
252 3781 282 3836 et
296 3775 451 3851 collegerat
466 3783 496 3836 et
510 3777 635 3838 caraune
650 3775 831 3850 reddiderat,
855 3790 908 3848 pro
928 3772 1039 3833 duobus
1061 3772 1161 3832 batzis.
1172 3771 1297 3832 tUuum

123 3879 293 3956 Etzdorffio,
310 3883 351 3942 alt
338 3887 432 3942 terum
448 3882 574 3944 Samueli
588 3888 677 3956 nepot
678 3901 688 3940 1
664 3879 778 3942 tdono
793 3872 930 3938 dedimus.
1138 3879 1145 3884 ’

127 4049 130 4056 ,
214 3985 364 4048 Liberium
386 3987 424 4048 ad
433 3987 571 4062 Seldum,
597 3985 796 4060 Milchlingum
815 3964 854 4044 ad
868 3982 1048 4043 Luderitium
1074 3983 1214 4058 misimus,
1244 3982 1297 4042 sed

124 4093 210 4154 ambo
225 4092 310 4153 domo
324 4091 486 4153 abfuerant.
526 4091 641 4153 Samuel
659 4105 750 4166 nepos
772 4089 851 4164 apud
865 4089 1034 4149 Anaxonem
1049 4105 1114 4150 cum
1128 4077 1299 4164 quibusdam

124 4198 298 4260 eleowribus
313 4202 443 4258 coenatus
458 4203 511 4258 est.

214 4301 350 4364 Liberius
364 4303 487 4366 luxuriei
502 4319 561 4365 sue
556 4302 683 4364 illicite
698 4301 904 4376 heteroclytum
918 4281 1033 4406 quoque
1048 4306 1135 4374 caput
1148 4243 1269 4360 eddidit.

704 4424 720 4460 „
777 4445 780 4454 ,
1047 4441 1050 4446 ,
1244 4423 1254 4438 ,

121 4573 123 4580 Ι
195 4511 341 4562 dmonet?
706 4547 708 4556 .
741 4566 746 4572 ,
986 4558 989 4562 ,

170 4613 286 4660 weidner„
1046 4604 1083 4658 ll
