3054 5110
131 602 288 678 veritatem
298 631 342 677 ,ex
356 614 438 677 Luce
452 619 481 678 'ct
495 615 660 693 apostolicis
674 615 766 677 literis
782 617 886 702 elicuit
910 595 966 678 'Ait
980 623 1076 678 entem
1090 617 1234 704 deminum
1249 635 1307 680 non

129 722 228 811 amiim
238 739 262 782 e
276 681 405 796 gloriosi
420 739 472 783 sua
486 725 697 814 resurrectione
712 723 751 784 cd
762 725 850 784 coeles
865 722 1037 798 ascendisse,
1050 722 1102 782 sed
1116 741 1169 797 per
1183 723 1307 798 quodna-

128 829 209 902 ginte
231 828 360 902 integros
382 827 494 888 diesse
515 831 608 902 ipsum
630 829 790 892 ostendisse
810 830 972 904 discipulis,
1001 845 1050 890 eos
1072 827 1254 889 confirmasse
1276 830 1307 890 iu

127 931 196 1008 fide,
217 951 284 993 eum
303 933 366 993 illis-
379 934 573 1002 menducasse·
582 949 617 996 ac
631 950 664 994 se
676 934 809 996 manibus
828 951 928 1006 eorum
936 933 1177 996 connectendum
1192 951 1226 992 ac
1240 935 1304 1008 pals

128 1039 256 1113 pandum
278 1040 444 1114 prebuisse.
490 1039 570 1100 Sicut
590 1046 686 1105 eutem
702 1039 841 1107 ,dominns
865 1041 961 1116 pelam
986 1041 1047 1115 pati
1073 1046 1103 1100 et
1130 1034 1307 1100 initientibus
1331 1065 1335 1076 =

127 1146 263 1206 omnibus
285 1147 377 1206 crucis
398 1133 568 1222 supplicium
589 1145 685 1206 subire
697 1146 807 1220 uoluit,
836 1147 879 1206 ite
897 1147 1137 1206 resurrectionem
1156 1144 1307 1210 submittis

128 1257 257 1327 tautum,
289 1251 339 1326 qui
361 1251 400 1315 od
421 1243 513 1312 hoca
528 1249 592 1312 Deo
613 1251 802 1326 proeordinati
816 1249 945 1327 fuerant,
967 1251 1088 1314 testibus
1102 1249 1305 1311 manifestavit.

128 1357 258 1418 Levstus
274 1363 319 1417 est
333 1361 429 1418 antem
445 1357 576 1419 domiuus
592 1374 611 1418 a
625 1357 683 1416 suis
703 1357 733 1416 in
747 1350 849 1416 monte
858 1357 965 1432 oliveti,
981 1359 1031 1432 qni
1045 1362 1090 1417 est
1107 1357 1184 1416 inter
1198 1355 1305 1414 Hieru-

129 1465 222 1526 salem
238 1468 268 1523 eb
281 1463 463 1536 Bethaniam,
479 1461 530 1522 ubi
543 1460 710 1552 iisqnenter
724 1462 809 1522 Jesus
824 1462 896 1522 otius
911 1461 1022 1537 orabat,
1046 1462 1085 1522 sd
1099 1462 1180 1535 cujus
1193 1460 1306 1544 declive

128 1571 218 1630 etiem
233 1573 331 1644 guttas
345 1569 494 1644 sanguinis
508 1569 539 1644 in
552 1567 639 1638 horto
647 1566 811 1630 Getsemuui
820 1569 942 1644 sudauit,
952 1569 1082 1630 sublatus
1095 1585 1131 1628 ex
1140 1569 1195 1628 boc
1208 1561 1307 1628 monte

128 1681 331 1750 cum‘corpore
350 1691 402 1736 suo
417 1674 580 1736 videntibus
600 1674 747 1749 discipulis
762 1680 815 1734 etc.
855 1672 1021 1737 Consedens
1042 1673 1080 1734 ad
1094 1673 1242 1739 dexteram
1256 1689 1306 1746 pa·

127 1783 193 1842 tris.
232 1781 288 1840 Hie
307 1767 398 1840 multa
419 1780 493 1840 dixit
511 1779 659 1840 Masculus
680 1795 715 1839 ex
733 1779 865 1853 epistolis
888 1779 1016 1839 Paulinis
1037 1785 1067 1840 et
1089 1779 1244 1852 Augustini
1269 1776 1306 1838 de

39 1916 43 1921 ·
127 1887 242 1948 bonore
256 1887 352 1946 cernis
367 1890 484 1960 nostres,
492 1884 627 1946 sedentis
642 1886 672 1944 in
688 1884 802 1946 Christo
815 1869 856 1948 ad
870 1881 1018 1946 dexteram
1032 1886 1133 1959 petris.
1171 1878 1305 1944 Sublatis

128 1998 184 2068 est,
202 1995 306 2069 inquit,
322 2009 408 2067 super
424 2005 522 2052 omnes
537 1992 634 2052 eoelos.
674 1991 736 2052 Hos
756 1991 852 2051 antem
872 1991 961 2052 coeles
976 2005 1035 2050 non
1056 1989 1185 2062 reputari
1197 1987 1305 2048 debere

128 2101 236 2160 coelum
249 2100 306 2159 hoc
320 2097 444 2159 volubile
459 2103 489 2159 et
504 2104 634 2174 cereum,
656 2098 734 2173 qnod
747 2099 831 2159 nobis
845 2097 958 2158 visibile
973 2102 1030 2172 est,
1053 2096 1107 2156 sed
1126 2095 1305 2172 majestatem

127 2205 209 2264 illem
224 2211 254 2266 et
268 2205 389 2280 gloriam
404 2205 559 2279 coelestem,
575 2221 633 2278 qua
648 2219 700 2278 per
715 2219 780 2266 eum
795 2203 1006 2280 glorificaturus
1021 2205 1098 2276 erat,
1123 2199 1197 2262 sicet
1212 2199 1304 2259 domi·

127 2325 182 2369 nus
197 2314 298 2371 noster
315 2310 401 2370 lesus
417 2309 548 2370 Christus
564 2311 619 2370 ait:
642 2311 682 2371 Et
700 2323 776 2370 nune
795 2307 924 2386 glorifico
944 2311 1006 2384 me,
1024 2313 1149 2384 opatsr,
1166 2304 1245 2382 opud
1260 2311 1304 2369 te·

127 2397 283 2491 metipsum
297 2406 404 2492 glorie}
423 2423 515 2490 'quem
529 2414 624 2490 habui.
634 2396 799 2492 priusquam
815 2413 1000 2477 hismundus
1015 2420 1091 2476 esset
1107 2419 1161 2474 etc.
1201 2411 1303 2473 Suble-

127 2529 175 2582 tns
191 2528 236 2582 est
251 2523 410 2597 quoquein
425 2523 546 2609 coelum,
570 2507 669 2596 utnos
690 2537 755 2596 eum
771 2539 805 2583 eo
821 2538 984 2596 sequemur.
1023 2521 1151 2594 Utinam,
1167 2519 1208 2580 ait
1222 2519 1303 2580 sons·

127 2615 220 2704 euius,
235 2621 301 2688 esim
312 2634 425 2688 mostree
446 2629 541 2690 earnis
563 2628 702 2689 honorem
723 2640 956 2704 agnosceremus,
977 2627 1054 2702 quod
1075 2611 1206 2696 Christus
1219 2637 1305 2696 verpe

127 2727 210 2796 Deus
225 2734 354 2794 ethome
370 2736 399 2794 in
415 2739 618 2796 conneuostra
632 2733 670 2794 ed
685 2735 815 2795 deutr'sm
829 2733 888 2796 Dei
900 2733 1009 2795 sedeat.
1048 2731 1139 2794 Addit
1153 2747 1217 2791 esse
1225 2727 1303 2806 ign·
1317 2751 1321 2754 ·

127 2845 194 2902 note
209 2838 324 2916 dictum,
342 2835 525 2901 ebronostrs
541 2833 622 2900 sedet
635 2841 665 2903 lu
681 2840 768 2914 coelo,
790 2841 868 2898 sicut
884 2839 1016 2899 dicimus:
1041 2837 1149 2896 Demus
1162 2835 1305 2897 -lnscrice

129 2951 183 3006 snt
202 2945 389 3020 Burgundios
403 2945 488 3006 sedet
500 2961 587 3020 super
603 2945 704 3006 solium
719 2944 840 3018 imperii,
852 2959 916 3004 enm
929 2942 960 3002 id
974 2943 1004 3002 in
1019 2959 1078 3002 nnc
1091 2957 1224 3024 perseus,
1242 2941 1303 3001 θω-

128 3033 352 3116 εατοῖιίωἱῐιιιη
374 3051 419 3112 vei
441 3056 525 3126 rege,
553 3051 737 3126 compleatur.
782 3049 826 3122 Si,
850 3049 959 3123 iuquit,
985 3049 1040 3107 hoc
1059 3045 1321 3129 consideraremus·
1369 3119 1373 3124 ,

128 3158 258 3232 nihilque
272 3157 365 3230 majus
385 3156 565 3230 duceremus,
587 3155 665 3215 nihil
678 3152 773 3224 minus
794 3171 880 3228 quom
894 3147 1014 3214 humilia
1028 3152 1113 3226 huius
1124 3143 1228 3240 'mundi
1243 3167 1303 3212 am·

128 3245 330 3338 plecteremur.
370 3261 440 3334 Quis
462 3263 618 3354 imperator
638 3261 684 3321 uel
704 3263 836 3337 princeps
856 3275 915 3320 non
933 3277 987 3334 pro
1007 3258 1071 3340 hoc*
1083 3257 1190 3318 honore
1206 3273 1304 3318 omnes

129 3385 197 3430 snas
211 3385 341 3443 pompos,
358 3366 427 3444 ques.-
437 3385 474 3428 ne
489 3370 592 3429 vitiosa
612 3367 725 3442 quidem
745 3383 816 3427 nuce
838 3366 967 3427 adhunc
980 3367 1117 3426 bonorem
1132 3368 1304 3441 conparate

128 3475 308 3540 estimendae
324 3480 398 3548 sunt,
424 3479 596 3549 contemnat,
621 3475 690 3548 quin
706 3490 803 3534 omnes
818 3473 1026 3542 sollicitudines
1041 3488 1076 3532 sc
1089 3470 1205 3532 labores
1219 3459 1304 3543 bidus

127 3580 248 3641 honoris
263 3575 396 3654 resp'eetu
409 3577 584 3655 postponet?
609 3579 684 3663 Sine·
698 3577 798 3653 dubio,
819 3579 842 3638 si
866 3577 1171 3638 lime-revocaverimus
1180 3573 1229 3634 ed
1244 3577 1302 3648 eoi,

128 3671 267 3746 mnndum
281 3703 334 3762 pro
349 3678 439 3746 nihile
455 3685 632 3759 duceremus,
657 3696 714 3749 non
728 3685 807 3758 quod
821 3683 958 3742 mundum
972 3681 1102 3744 relicturi
1117 3678 1227 3754 simus,
1238 3696 1305 3739 nam

129 3794 160 3850 in
179 3792 287 3855 mundo
310 3807 362 3851 nos
383 3793 471 3854 vitam
482 3791 610 3867 »degere
624 3793 755 3866 oportet,
780 3789 917 3862 quamdiu
937 3787 1092 3863 ideoelesti
1107 3784 1190 3862 patri
1204 3789 1304 3854 mosim

129 3898 266 3980 placitum
288 3903 347 3972 est‘,
370 3891 422 3957 sed
444 3890 584 3957 uetante
599 3888 704 3976 conet‘u
723 3890 807 3968 h‘uJ'us
830 3893 927 3952 mundi
941 3891 1047 3952 divitiis
1068 3892 1224 3964 inhiemus,
1247 3887 1305 3950 nou

130 4002 209 4077 quod
224 3997 332 4076 divitiae
347 4001 526 4077 damnentur,
543 4003 595 4062 sed
611 4001 691 4075 quod
701 4001 786 4074 juxte
792 3996 932 4058 Davidem
947 4013 996 4068 cor
1011 4012 1069 4058 non
1084 3979 1307 4074 apponeremus:
1335 4037 1339 4046 ·

128 4109 205 4169 Nem
221 4084 410 4182 Paulus'eom
435 4109 485 4182 qni
499 4108 604 4168 uolunt
615 4105 771 4182 ditescere,
792 4105 861 4165 dicit
875 4106 906 4164 in
920 4105 1093 4166 tentationes
1104 4102 1309 4191 incidere-etc,

124 4197 239 4276 ‘terum
254 4215 330 4274 victu
351 4218 380 4272 et
401 4215 507 4274 amictu
527 4199 654 4273 contenti
676 4211 888 4295 meminerimus
911 4209 1155 4286 conversationem
1175 4213 1306 4268 nostram

127 4324 158 4383 in
173 4321 258 4382 coelis
274 4327 338 4380 esse
354 4304 468 4393 debere,
483 4318 543 4380 und
557 4310 648 4392 geben
664 4314 756 4376 nichts
770 4314 876 4388 vdollo
889 4311 1193 4390 dieseWegeldingo.¹
1209 4313 1306 4376 Istbse

712 4449 728 4483 ῂ

138 4567 139 4574 1
203 4515 252 4592 Ἠ
270 4535 365 4590 uuedel
386 4513 485 4605 diriges
514 4557 527 4572 ν
582 4565 586 4572 -
