3020 5112
681 401 759 468 ‘aaa

348 579 465 634 Barbara
481 579 573 632 matis
591 583 648 634 erat
664 595 760 632 nomen
777 574 910 648 patrieque
928 580 1057 648 umran.

384 669 437 720 Hic
455 668 527 720 rexit
542 667 654 736 Mysios,
671 669 826 722 Sauromata
843 667 893 720 illa
910 667 968 720 fuit.
1023 721 1030 728 ,
1175 725 1179 734 4

191 813 192 820 ἵ
280 801 287 813 ,
347 755 465 824 Pignora
482 770 592 824 eumque
610 756 699 810 decem
717 757 861 826 peperisset
879 756 958 808 chart
976 757 1077 820 merito,
1125 801 1129 812 .

374 844 438 907 Qua
455 859 547 896 sexum
565 861 671 896 numero
691 845 848 898 distribuere
866 847 933 914 pari,

347 931 421 998 Saepe
440 947 516 982 suum
535 927 646 1000 supplex
664 939 766 985 tentans
783 949 907 986 revocare
925 933 1054 996 maritum,

383 1020 466 1084 Quem
484 1027 531 1073 tna
548 1023 688 1090 captivam,
706 1021 808 1086 Garcle,
827 1027 929 1090 sceptra
947 1027 1043 1073 tenent.

350 1109 386 1160 Ut
402 1109 472 1160 nihil
491 1109 577 1162 effecit
595 1111 718 1178 precibus
736 1111 898 1178 multumque
915 1109 1042 1182 rogando,
1094 1147 1096 1156 ‚

384 1198 413 1248 In
434 1197 553 1250 morbum
571 1197 676 1250 rediens
694 1197 790 1250 incidit
809 1198 858 1250 illa
875 1185 991 1266 gravem

347 1284 416 1338 Ossa
434 1286 516 1354 phtisi
534 1277 768 1357 lenta'mmatoque
787 1287 915 1338 exhausta
933 1286 1023 1338 labore

382 1373 453 1427 Mors
472 1377 548 1444 rupit,
567 1377 601 1426 ad
619 1377 716 1442 coelam
735 1391 808 1426 mens
827 1376 872 1443 pia
890 1375 973 1442 carpit
990 1375 1046 1425 iter.

226 1469 311 1532 Anno
341 1469 496 1532 salutiferae
517 1467 720 1544 redemptionis
747 1473 853 1529 nostrae
873 1467 1119 1543 sesquimillesimo
1145 1459 1305 1546 quadrage-

131 1575 208 1635 simo
238 1592 314 1636 nono
334 1577 365 1636 in
379 1572 514 1637 nundinis
540 1573 750 1635 autumnalibus
769 1573 954 1638 Franooiurti
977 1574 1014 1634 ad
1028 1575 1159 1636 Moenum
1173 1572 1307 1637 vicesima

132 1665 307 1756 septembris
321 1697 375 1756 per
388 1681 407 1740 J
409 1675 530 1740 oannem
545 1680 671 1740 Nellium
686 1659 802 1756 nobiae
817 1674 934 1739 secretis
950 1679 1145 1740 etAdrianum
1160 1683 1307 1742 aZertzen

131 1787 265 1860 nothum,
280 1784 447 1860 praetectum
462 1786 536 1845 areis
552 1790 658 1846 nostrae
671 1783 824 1858 Waldeck,
835 1782 979 1860 receptori
993 1801 1044 1844 seu
1059 1787 1195 1860 quaestori
1211 1789 1307 1846 aerarii

132 1891 329 1964 imperatoriae
344 1892 502 1965 majestatis
517 1908 570 1966 per
585 1889 737 1950 inferiores
752 1871 933 1965 Germanias,
962 1887 1052 1949 Wolff
1063 1889 1164 1949 Haller
1183 1891 1219 1951 ab
1235 1893 1305 1952 Hal·

132 1996 255 2056 lerstein
271 2001 394 2070 quatuor
408 1995 498 2056 millia
512 1993 685 2056 florenorum
700 1999 799 2055 nostro
814 1995 928 2054 nomine
944 2001 1140 2055 numerarunt.
1171 1997 1246 2056 Nam
1260 1997 1306 2056 hio

134 2108 202 2162 erat
221 2101 336 2161 ultimus
356 2102 494 2162 terminus
517 2107 581 2166 octo
604 2101 727 2162 millium
747 2097 919 2160 florenorum
941 2099 1079 2174 solvendi,
1111 2117 1183 2174 quos
1206 2103 1306 2160 eaesari

135 2207 241 2269 Carolo
257 2207 357 2281 quinto
372 2207 402 2264 in
416 2205 552 2282 mulctam
568 2205 605 2284 (si
618 2205 673 2265 diis
688 2203 793 2280 placet)
809 2205 840 2264 in
854 2204 986 2280 Augusta
998 2204 1211 2266 Vindelicorum
1229 2224 1305 2268 anno

135 2313 195 2374 dni.
206 2313 290 2390 154,ss
299 2311 433 2371 vicesima
441 2311 533 2384 prima
538 2311 619 2371 Junii
627 2327 680 2370 nos
690 2311 808 2371 daturos
818 2309 948 2386 stipulati
958 2327 1080 2384 eramus,
1090 2311 1187 2383 sicque
1201 2327 1305 2386 magno

134 2423 237 2482 nestro
247 2421 467 2490 nostrorumque
474 2417 541 2476 licet
550 2415 708 2492 dispendio,
719 2422 752 2476 ut
761 2416 889 2497 id,·quod
897 2415 998 2476 eadem
1006 2397 1068 2490 ipsa
1077 2415 1122 2475 die
1131 2405 1304 2492 scripserim,

135 2525 259 2598 scilicet:
283 2521 358 2594 »Qui
373 2520 452 2582 dedit
466 2523 563 2597 vitam
580 2523 660 2582 dabit
675 2527 708 2606 et
719 2523 900 2596 pecuniam«,
913 2519 1102 2594 »adimpletum
1117 2511 1175 2597 sit,
1187 2539 1305 2612 speran-

134 2635 181 2690 tes
196 2629 285 2703 igitur
307 2628 427 2687 ulterius
448 2601 485 2688 de
502 2644 589 2687 manu
609 2616 731 2701 domiui,
754 2628 835 2701 enjus
849 2626 1011 2687 benedictio
1032 2627 1094 2686 sola
1109 2626 1211 2686 divites
1226 2624 1303 2701 iacit,

135 2733 222 2792 deum
243 2737 355 2806 patrem
370 2733 515 2792 coelestem
530 2748 594 2791 eum
608 2729 667 2792 filio
683 2732 745 2805 eius
759 2731 923 2806 benedieto,
948 2731 1063 2790 domiuo
1086 2733 1115 2789 et
1129 2731 1304 2808 redemptori

135 2843 236 2897 nostro
251 2813 322 2896 lesu
332 2835 455 2913 Christo,
470 2854 527 2898 una
542 2843 574 2897 et
586 2854 608 2896 s.
623 2837 726 2912 spiritu
741 2835 890 2916 laudamus
905 2842 935 2896 et
948 2835 1142 2910 benedicimus
1162 2828 1193 2893 in
1208 2835 1305 2894 secula

135 2943 305 3002 seculorum.
343 2941 476 3001 Pecunia
491 2947 587 3003 auum
602 2931 774 3018 supradictae
789 2943 896 3014 primus
910 2940 1054 3002 solvendae
1069 2941 1206 3000 terminus
1222 2941 1304 3021 nobis

122 3023 176 3108 ad
190 3047 334 3107 nundinas
356 3045 603 3130 baneofordianas
622 3049 694 3107 anni
710 3047 817 3108 domini
839 3047 923 3105 1548
952 3029 1076 3105 indictus
1091 3051 1163 3120 crat,
1188 3051 1217 3106 et
1231 3048 1305 3108 alter

136 3153 172 3214 ad
191 3153 335 3214 nundinas
355 3153 533 3214 autumnales
546 3153 632 3228 hujus
647 3133 726 3212 anni
762 3141 807 3212 Ne
829 3157 925 3216 autem
939 3168 957 3212 a
971 3153 1095 3227 posteris
1109 3142 1305 3214 incusaremur

136 3264 246 3340 tantam
260 3259 445 3332 pecuniarum
459 3261 526 3332 vim,
549 3260 683 3318 murnum
698 3264 762 3318 octo
776 3253 838 3316 baec
852 3257 941 3317 millia
952 3263 987 3318 et
1000 3258 1057 3318 duo
1072 3257 1171 3332 millia,
1195 3275 1259 3333 quae
1274 3261 1304 3318 in

137 3365 258 3424 coruitiis
274 3363 450 3439 Augustanis
466 3369 495 3424 et
509 3365 581 3441 alias
595 3365 626 3422 in
640 3365 696 3424 hac
714 3365 746 3422 re
761 3351 921 3439 insumpta,
942 3379 995 3423 neo
1010 3380 1148 3438 non-quae
1163 3370 1305 3437 praterea

136 3468 222 3542 hujus
237 3468 423 3529 corradendae
438 3471 568 3543 pecuniae
583 3469 678 3544 gratia
693 3485 819 3543 expenso
834 3475 909 3542 sunt,
925 3471 956 3528 in
970 3469 1169 3544 helluationes,
1184 3486 1304 3530 veneres

136 3580 188 3634 aut
202 3575 295 3634 aleam
309 3565 505 3656 insumpsisse,
520 3575 567 3634 hie
581 3561 725 3635 ascribere
739 3575 855 3649 placuit,
871 3573 948 3648 quod
957 3575 1050 3648 prima
1064 3591 1181 3648 summa,
1197 3573 1305 3634 scilieet

137 3685 261 3754 quatuor
288 3681 378 3740 millia
404 3678 591 3754 florenorum,
623 3669 731 3754 majore
749 3667 796 3738 'ex
817 3675 899 3752 parte
919 3695 955 3738 ex
984 3679 1051 3740 dote
1075 3682 1177 3740 uxoria
1204 3679 1302 3755 fucrit,

137 3786 280 3861 posterior
300 3786 415 3846 nonnisi
436 3786 601 3861 quindecies
620 3791 733 3845 centum
753 3801 789 3845 ex
811 3782 933 3844 subditis
951 3785 1036 3859 hujus
1058 3786 1183 3859 regionis
1199 3785 1304 3844 contri·
1336 3783 1340 3789 ’

136 3891 207 3951 buta
225 3891 295 3963 sint,
318 3891 432 3965 reliqua
452 3893 543 3950 omnis
564 3895 663 3950 mutuo
684 3897 713 3950 et
732 3907 796 3950 oum
810 3889 973 3978 reddituum
992 3906 1118 3950 meorum
1134 3891 1304 3965 oppignora-

136 3998 217 4056 tione
231 3993 379 4057 contracta
395 4001 448 4070 est,
464 4011 627 4070 quanquam
643 4012 681 4055 aas
697 3997 822 4058 alienum
835 3997 923 4072 longe
942 4012 1044 4055 census
1064 4002 1178 4055 nostros
1193 4011 1303 4055 annuos
1321 4005 1326 4012 “

136 4107 263 4176 superet.
286 4092 443 4176 Exemplar
453 4105 548 4160 autem
558 4099 729 4174 litterarum,
746 4107 899 4177 utrocant,
916 4085 1121 4185 quitantiarum
1136 4095 1174 4160 ad
1187 4103 1304 4162 archiva

136 4207 253 4268 senatus
269 4205 456 4266 dorbacensis
470 4205 573 4282 reponi
582 4193 727 4280 jussurus.
762 4193 863 4266 Testes
878 4212 974 4266 autem
987 4205 1073 4281 hujus
1086 4205 1237 4281 tragoedia
1251 4207 1302 4266 ha·
1333 4220 1335 4224 ·

135 4312 236 4400 bemus
252 4311 337 4372 deum
351 4291 449 4392 verum
465 4316 494 4370 et
508 4313 612 4386 vivum,
629 4311 679 4385 qui
693 4297 747 4370 uec
760 4307 835 4372 fallit
848 4310 971 4371 necfalli
980 4317 1085 4386 potest,
1101 4312 1303 4373 conscientiam

136 4417 234 4476 laetam
249 4422 278 4476 et
292 4392 412 4476 eandem
426 4415 581 4477 multorum
595 4419 707 4492 piorum
721 4416 848 4476 virorum
861 4415 917 4474 hoc
930 4416 1092 4477 miserrimo
1105 4433 1166 4477 aevo
1182 4431 1303 4476 commu·

137 4538 204 4582 uem
217 4518 371 4584 torturam.
395 4519 543 4597 Signatum
557 4521 699 4586 Waldeok
713 4521 760 4585 die
773 4521 849 4583 luna
863 4525 931 4598 pest
944 4521 1076 4585 Matthaei
1091 4521 1222 4596 apostoli.
1233 4509 1245 4516 ”
