3054 5110
737 341 781 408 tt

158 545 243 598 ,cera
266 525 344 590 sen
364 525 480 588 inimico
501 541 539 586 ex
559 525 654 618 animo
676 525 714 586 ob
737 523 881 588 christum
902 527 1060 605 ignovisse,
1084 529 1138 594 boc
1157 545 1232 606 opus
1245 537 1299 608 ⁸est
1317 537 1348 593 et

165 651 237 698 vere
252 635 360 696 bonum
376 639 407 694 et
420 633 484 694 Deo
500 647 614 708 quoque
630 637 787 708 acceptum.
819 633 886 692 Non
908 637 953 692 est
971 634 1047 694 enim
1067 636 1161 698 cultus
1180 636 1237 700 Dei
1255 636 1347 700 solua

166 742 198 802 in
212 740 322 817 templo
338 755 411 813 esse,
434 737 540 800 ibidem
556 753 641 798 orare
656 753 690 796 ac
711 752 777 798 mox
792 755 810 798 a
825 739 924 813 saenis,
947 741 1083 814 quiequid
1100 743 1131 802 in
1151 748 1277 804 mentem
1296 759 1345 806 ιι·

166 847 255 926 uerit,
279 841 464 921 perpetrare,
485 843 639 918 quasijam
653 858 743 915 penso
758 843 916 919 persoluto,
941 861 1118 921 quecunque
1133 847 1229 922 libeat,
1250 848 1347 910 faceta

166 953 268 1026 liceat,
293 953 368 1010 sicut
381 946 478 1009 Judeei
494 947 666 1008 clamabant:
691 949 840 1022 Templum
855 947 970 1025 domini,
992 952 1130 1026 templum
1145 953 1259 1026 domini,
1275 961 1345 1016 tarn·

164 1058 249 1134 plum
270 1057 386 1131 domini,
409 1072 474 1116 cum
487 1053 567 1116 Deus
587 1037 716 1112 ista'non
731 1055 869 1129 exigeret,
892 1055 1026 1116 nuinitans
1046 1061 1075 1116 et
1088 1063 1202 1118 terrens
1216 1059 1345 1134 exemplo

165 1141 381 1222 dirutaeSiloes
396 1165 450 1220 etc.
488 1158 618 1221 Adduxit
637 1175 751 1234 quoque
773 1157 801 1218 d.
822 1159 925 1220 Jacobi
945 1163 1069 1236 apostoli
1087 1164 1182 1224 locum
1200 1163 1303 1224 Jeccbi
1316 1165 1344 1226 1:

164 1267 282 1342 Religio
302 1271 426 1342 puroet
447 1264 629 1326 immaculata
650 1262 729 1339 apud
751 1259 844 1324 Deum
866 1269 896 1324 et
917 1258 1030 1340 patrem
1050 1269 1112 1328 haeo
1133 1274 1191 1345 est,
1222 1265 1345 1332 invisere

165 1373 314 1448 orpha-nos
330 1371 476 1452 etflviduas
490 1372 521 1430 in
535 1366 690 1432 afflictione
705 1385 766 1444 sua,
790 1371 1001 1432 immaculatum
1020 1390 1051 1434 se
1071 1375 1164 1450 ipsum
1179 1391 1294 1438 servare
1309 1375 1345 1438 de

164 1479 285 1548 mundo.
324 1476 392 1537 Non
415 1479 453 1552 is,
477 1477 533 1550 sit,
557 1475 651 1536 cultus
673 1475 738 1536 Deo
759 1476 876 1549 placens
897 1481 955 1552 est,
979 1461 1113 1552 quandia
1127 1480 1208 1542 edire
1227 1482 1343 1559 templa,

165 1583 298 1660 qnotidie
314 1599 404 1658 sacrae
425 1582 554 1642 concioni
575 1582 730 1656 interesse,
755 1587 784 1640 et
803 1598 870 1646 mox
890 1580 972 1644 finita
993 1586 1131 1646 concione
1152 1587 1244 1648 auditi
1264 1585 1345 1650 uerbi

165 1687 371 1750 nechabuisse
386 1688 537 1762 rationem,
553 1681 607 1748 nec
620 1687 791 1748 meminisse.
825 1686 882 1748 Sed
897 1703 967 1748 vera
982 1689 1085 1764 religio
1099 1691 1129 1750 in
1143 1689 1202 1752 fide
1215 1693 1246 1752 iu
1262 1691 1343 1754 Obri-

166 1801 255 1869 stum,
270 1796 302 1853 in
318 1793 482 1859 innocentia
497 1771 563 1851 ιιιιι
579 1798 608 1852 ιι
624 1795 745 1855 caritate
760 1794 790 1851 in
804 1794 965 1868 proximum
979 1796 1117 1854 consistit.
1142 1794 1224 1858 Dixit
1237 1805 1343 1874 ιιιιιιι,
1371 1843 1373 1846 .

166 1900 292 1962 Paulum
311 1915 369 1958 non
384 1899 477 1960 solum
491 1897 598 1958 dixisse
616 1897 830 1972 benedicite«,
860 1897 912 1959 sed
926 1893 1045 1974 insuper
1059 1899 1241 1973 prohibuisse
1256 1903 1343 1964 male·

129 2017 131 2022 ’
164 2007 273 2068 ιιιιιι.
312 2003 526 2078 Qnamidseuo
545 1997 648 2072 nostro
665 2004 818 2077 merissit,
843 2019 903 2064 rem
923 2005 1014 2078 ipsam
1032 2005 1144 2064 testari.
1174 2006 1344 2070 Nemeeius

164 2113 197 2172 in
211 2111 294 2172 nobis
309 2111 494 2172 rebellantem
509 2111 706 2173 execrationes
726 2116 755 2170 ιι
773 2108 988 2197 maledictiones
1007 2126 1060 2170 nos
1078 2114 1218 2187 torqueri,
1242 2113 1343 2190 inquit.

168 2219 199 2280 Si
214 2218 274 2278 ullo
288 2221 418 2292 tempore
433 2217 495 2276 baec
510 2214 608 2296 Christ
628 2215 758 2296 doctrina
776 2216 870 2277 locum
889 2215 999 2292 habuit,
1022 2233 1098 2309 nnuc
1117 2235 1203 2293 qnam
1221 2223 1344 2284 maxime

166 2324 248 2400 apud
262 2339 315 2382 nos
329 2323 423 2383 locum
437 2321 545 2382 habere
560 2320 654 2382 debet.
684 2321 760 2382 Nam
779 2337 843 2381 cum
862 2337 914 2380 nos
934 2322 965 2380 in
985 2323 1047 2382 ιιι
1060 2300 1194 2386 incidisse
1213 2332 1345 2404 tempora

167 2419 433 2502 animadvertimus,
457 2429 612 2504 cogitemus
627 2427 720 2488 Deum
735 2428 818 2488 nobis
838 2427 927 2487 haec
919 2430 1082 2504 immisisse,
1106 2435 1139 2490 ut
1158 2447 1211 2492 nos
1230 2433 1343 2508 probet,

167 2537 244 2596 sicut
259 2539 411 2610 argentum
424 2535 491 2608 igne
506 2533 654 2608 probatur.
685 2533 760 2608 dam,
784 2531 856 2608 infit,
879 2533 966 2609 longo
985 2529 1115 2610 tempore
1134 2537 1253 2598 verbnm
1273 2537 1344 2600 divi·

166 2656 237 2702 num
252 2639 412 2700 audiemus
427 2641 457 2698 et
472 2638 518 2716 (ut
536 2640 578 2700 ita
597 2635 713 2715 loquar)
735 2640 766 2724 in
788 2639 891 2698 scholis
910 2640 1024 2700 litteras
1046 2641 1244 2718 addidicimus,
1263 2659 1345 2706 *nunc

166 2743 344 2823 praeceptori
358 2743 507 2804 reddenda
522 2745 578 2806 erit
599 2746 697 2820 lectio,
720 2750 754 2804 ut
772 2745 867 2819 pedam
885 2741 950 2820 fiat,
974 2744 1043 2818 quid
1062 2739 1208 2808 memorie
1226 2747 1344 2812 nescru

167 2858 223 2918 eta
255 2849 341 2932 Certe
357 2865 392 2910 ex
407 2855 511 2912 natura
524 2827 632 2912 nostra
644 2851 723 2912 nihil·
734 2854 893 2926 possumus,
917 2866 970 2910 nec
988 2857 1102 2925 egomet
1114 2853 1177 2927 ipse
1192 2853 1343 2928 quicquam

167 2938 260 3020 ιιιιο.
292 2955 349 3018 Sed
368 2956 435 3018 licet
454 2956 593 3018 huctenm
612 2957 684 3018 nihil
702 2954 868 3030 fecerimus,
892 2953 1075 3016 emendemus
1096 2957 1182 3017 modo
1203 2959 1291 3018 vitam
1312 2964 1343 3021 at

167 3065 255 3136 hodie
274 3069 386 3134 mature
404 3045 500 3128 ιιιιι
519 3063 588 3123 satis
609 3068 654 3122 est
672 3068 727 3122 ιιι.
763 3061 885 3122 Orontes
905 3058 1064 3135 dominum,
1087 3067 1120 3122 ut
1138 3061 1222 3122 nobis
1241 3063 1342 3139 largiri

154 3171 316 3246 dignetur,
340 3185 396 3244 qno
415 3169 556 3230 discamm
576 3167 746 3228 benedicere
765 3155 999 3230 maledicentibus
1018 3167 1100 3226 nobis
1122 3173 1152 3227 et
1172 3166 1342 3282 benefacere

166 3275 407 3353 persequentibus
422 3291 488 3351 nos,
512 3275 600 3350 idque
615 3275 651 3335 ob
668 3273 821 3334 Christum.
851 3273 953 3334 Amen.
1353 3257 1356 3262 ⁵

258 3379 286 3440 A
306 3381 443 3441 concione
463 3397 515 3440 nos
534 3371 726 3442 Atrebatensi
738 3381 924 3442 exhibuimus.
961 3377 1017 3452 Qui
1036 3383 1101 3438 cum
1121 3377 1259 3438 cubiculo
1272 3392 1341 3455 pro·

166 3487 253 3562 diret,
263 3490 415 3562 conspecto
424 3486 539 3546 Eubulo
553 3487 606 3570 ait:
625 3487 724 3547 «Nihil
733 3487 986 3560 adhucallegatum
996 3489 1071 3544 est«
1095 3484 1159 3548 Hao
1173 3483 1267 3546 aulica
1282 3481 1340 3546 offa

166 3595 223 3654 nos
242 3595 357 3683 saturos
377 3592 459 3653 abire
479 3573 616 3680 oportuit.
651 3589 769 3684 *Deinde
789 3592 975 3652 adutarimns
994 3592 1126 3652 comitem
1148 3589 1340 3667 wilhelmum,

166 3713 291 3772 cumque
307 3703 336 3758 et
346 3698 524 3771 jentaculum
539 3699 718 3773 sumpsimus.
748 3697 777 3754 Is
797 3697 850 3756 ait:
874 3695 1063 3762 (innotatione
1082 3695 1137 3756 bac
1156 3703 1228 3770 opus
1248 3700 1342 3758 estet

167 3804 299 3882 exemplo
314 3802 407 3862 ιιιιιι
421 3803 498 3880 illins
513 3803 685 3888 evangelicae
700 3802 860 3876 improbum
875 3801 1001 3876 judicem
1019 3801 1237 3876 importunitate
1257 3801 1342 3866 obrsr·

167 3912 303 3985 oportet.¹
325 3907 457 3982 Cepimus
473 3907 589 3998 quidem
608 3907 758 3967 consilium
772 3905 809 3966 de
829 3906 1044 3982 supplicatione,
1069 3903 1121 3964 sed
1139 3921 1187 3966 res
1207 3907 1340 3970 eranum

164 4014 272 4088 sortitu
287 4029 346 4074 non
360 4017 431 4088 ιιι,
442 4013 509 4072 licet
524 4009 658 4072 Liberius
673 4011 820 4088 quippiam
834 3991 1044 4086 conscripserit

257 4120 377 4182 Interim
391 4118 463 4202 iilud
476 4133 529 4202 per
543 4116 724 4186 veredarium
738 4119 859 4179 Romam
878 4116 1035 4176 cursitavit.
1058 4116 1139 4178 Duas
1155 4119 1296 4180 ιιιιιοιιιι
1309 4121 1341 4182 in

121 4253 123 4262 v
166 4225 339 4286 consistorio
354 4224 463 4292 hebuit.
494 4217 608 4285 Interea
623 4224 760 4300 temporis
775 4225 859 4285 nobis
873 4223 950 4283 adsit
963 4221 1103 4283 dominus.
1142 4244 1144 4257 ·

257 4329 367 4391 Eadem
382 4329 480 4390 Caesar
495 4335 525 4390 et
543 4329 747 4416 Ferdinandus
765 4329 918 4390 animulam
939 4329 1052 4404 cognati
1071 4329 1148 4405 regis
1167 4344 1220 4406 per
1238 4329 1339 4390 missa-

118 4414 121 4422 *
160 4434 432 4530 *ticossacrificulos
452 4421 651 4521 spurgatcrio
671 4433 710 4496 ad
730 4435 835 4512 elysios
854 4451 973 4526 mmpos
989 4433 1178 4497 ιιιιιιιιιιιι
1199 4433 1340 4498 iecorum.
