3020 5112
686 407 749 476 241

224 587 285 650 Sub
300 588 437 650 &duram
459 555 754 664 antemeridianam
767 589 945 682 Ithembdam
965 592 1102 652 remmus.
1140 592 1195 654 Est
1209 597 1305 653 antem

131 694 284 756 Rbembda
305 699 432 756 castrum
451 700 481 754 et
500 695 669 770 oppidulum
690 697 773 756 sedes
788 696 909 758 Joanuis
929 697 1039 758 conitis
1055 713 1073 756 e
1087 695 1232 772 Gleiehen,
1256 700 1306 772 qui

131 816 149 858 θ
165 801 237 860 vivis
252 800 393 860 croedms
408 817 526 861 uxorem
542 802 642 862 eedem
662 817 698 862 ex
712 803 802 875 stirpe
821 803 955 862 comitum
975 802 1015 862 de
1026 800 1164 863 Gleiehen
1178 819 1306 864 sororem

132 906 256 966 loannis
277 923 313 966 ex
333 908 422 981 stirpe
438 907 474 966 de
490 905 628 966 Gleiehen
651 911 681 966 et
695 906 803 992 domini
817 908 848 967 iu
862 907 955 982 Thun,
973 909 1022 981 qni
1037 913 1067 967 et
1079 909 1142 982 ipse
1154 910 1215 982 jam
1230 908 1307 968 diem

134 1011 239 1070 clausit
253 1015 422 1086 extreumm,
438 1027 502 1070 cum
517 1013 601 1072 unico
616 1010 675 1072 filio
690 1012 804 1072 viduam
818 1014 1000 1087 superstitem
1015 1014 1141 1087 reliquit.
1170 1014 1240 1073 Hac
1254 1016 1307 1088 igi·

132 1123 182 1176 tur
194 1117 300 1178 mulier
313 1133 372 1178 non
387 1133 446 1176 una
461 1122 573 1177 natura
589 1117 656 1179 dote
665 1119 833 1180 venerenda
842 1136 895 1179 nos
910 1120 1080 1180 amicissime
1092 1121 1204 1194 excepit
1218 1136 1304 1195 pran-

134 1222 240 1297 dicque
255 1221 359 1282 affecit
465 1235 469 1242 ’

222 1326 354 1388 Aderant
374 1331 403 1388 et
424 1333 485 1388 tum
507 1328 644 1402 temporis
659 1329 737 1402 apud
751 1331 844 1404 ipsam
858 1330 945 1392 vidua
965 1331 1001 1392 de
1015 1327 1187 1392 Wildeniels
1202 1335 1231 1389 et
1245 1327 1306 1390 lilia

134 1433 212 1508 ejus,
237 1449 319 1492 soror
338 1419 436 1492 mariti
457 1433 579 1493 domiuae
601 1434 631 1492 in
646 1433 804 1510 Rhembdt,
825 1453 899 1497 uxor
918 1452 987 1499 vero
1006 1437 1112 1496 domini
1129 1436 1306 1511 quondama

134 1535 315 1611 Wildeniels,
331 1540 378 1598 coi
392 1553 495 1600 nomen
509 1539 634 1600 Anarclr.
787 1587 790 1590 .

223 1643 345 1704 Habitat
360 1645 433 1704 etin
447 1643 597 1706 Rbembda
616 1645 709 1705 altera
730 1645 817 1706 vidua
838 1661 911 1706 uxor
926 1647 1070 1721 quondam
1085 1647 1233 1708 Eckhardi
1256 1663 1304 1708 co·

133 1750 211 1808 mitis
233 1765 253 1810 a
275 1747 412 1810 Gleiehen
434 1753 494 1810 tres
516 1748 590 1811 lilios
613 1751 734 1826 babens,
759 1767 880 1824 quorum
907 1758 938 1812 et
959 1751 1114 1812 dominium
1144 1759 1174 1814 et
1195 1746 1306 1825 posses·

134 1853 179 1914 sio
201 1859 254 1914 est.

225 1960 326 2020 Tarda
346 1965 443 2021 tamen
465 1978 533 2036 pars
555 1962 635 2022 urbis
656 1963 812 2024 Rbembdoe
837 1968 867 2024 et
893 1963 1043 2038 perexigui
1065 1962 1195 2023 redditus
1218 1962 1306 2038 stirps

134 2065 269 2132 comitum
290 2082 309 2124 a
328 2063 464 2126 Gleiehen
483 2067 514 2126 in
533 2073 592 2128 tres
613 2069 835 2144 propagationes
858 2073 887 2128 et
901 2071 1063 2128 mensiones
1079 2084 1192 2142 quoque
1214 2068 1307 2128 divisa

134 2175 188 2243 eet,
204 2170 312 2230 scilicet
327 2172 358 2234 in
372 2170 518 2246 Gleiehen,
539 2172 705 2249 Rhembda,
718 2173 906 2247 Blencklnain,
928 2175 996 2232 licet
1008 2174 1106 2247 plures
1121 2189 1201 2234 arces
1215 2171 1306 2247 possi·

135 2274 231 2335 deant.
256 2276 296 2336 Et
310 2281 354 2335 est
369 2277 457 2351 stirps
472 2279 542 2336 satis
556 2276 692 2342 foecunde
706 2280 855 2352 utriusque
871 2295 956 2339 sexus
969 2278 1077 2340 liberis.
1205 2281 1207 2284 ’

223 2382 345 2442 Veniam
366 2382 484 2442 tandem
506 2383 653 2444 adomiua
673 2384 708 2444 de
722 2384 855 2456 Rbembd
875 2387 984 2460 precati
998 2383 1186 2444 Arnsmdinm
1205 2382 1305 2442 urbem

135 2488 260 2562 patriam
273 2469 434 2551 Anastasia
450 2490 557 2562 uxoris,
581 2505 645 2563 quae
660 2489 764 2551 ibidem
778 2491 809 2550 in
824 2507 890 2552 arce
904 2492 1056 2566 progenita
1070 2497 1123 2566 est,
1140 2493 1219 2549 recta
1233 2487 1307 2563 peti·

136 2609 208 2653 mus.
233 2594 429 2653 Transeuntes
443 2610 533 2668 pagos
548 2595 668 2668 aliquot,
684 2595 760 2656 inter
775 2577 846 2670 quos
861 2597 1032 2672 insigniores
1046 2592 1306 2664 erautWitzleben,

136 2699 218 2760 aedes
233 2700 370 2760 nobilium
385 2699 512 2774 ejusdem
530 2701 666 2774 nominis,
688 2706 717 2760 et
730 2702 989 2774 Martellsbauseu,
1005 2703 1036 2759 iu
1051 2716 1107 2775 quo
1123 2705 1153 2759 et
1166 2697 1308 2758 habitatio

137 2810 182 2866 est
203 2821 303 2866 eorum
327 2805 364 2866 de
383 2805 553 2866 Witzleben.
593 2785 799 2866 'munium
821 2822 890 2867 vero
911 2807 966 2868 sub
993 2811 1123 2868 octavam
1146 2805 1238 2864 nocds
1261 2803 1304 2861 in·

44 2956 46 2964 .
135 2915 255 2972 bamus.

98 3052 107 3061 -
225 3016 334 3078 Ibidem
349 3019 379 3077 in
394 3017 625 3093 pharmacopolio
640 3015 783 3077 odiorum
797 3018 965 3092 magistrum
980 3017 1057 3076 Zorn
1072 3015 1129 3076 den
1142 3014 1306 3074 Distellirer

137 3123 292 3196 conspecti.
330 3123 483 3184 Maluisset
503 3123 617 3198 quidem
640 3123 757 3183 domina
776 3139 874 3182 socrus
896 3123 1014 3183 bononis
1030 3137 1099 3196 ergo
1114 3122 1145 3179 in
1159 3135 1226 3179 arce
1240 3135 1305 3192 per·

138 3235 265 3305 uoctare,
281 3229 434 3306 prefectus
448 3234 544 3291 autem
567 3231 641 3288 arcis
656 3230 686 3288 in
704 3227 814 3288 aedibus
830 3226 1003 3302 sigismundi
1017 3245 1035 3288 a
1049 3223 1212 3288 Witzleben
1227 3237 1305 3298 quae-

138 3337 225 3397 storis
247 3337 343 3397 erarii
358 3335 483 3412 hospitia
504 3335 656 3410 disponere
678 3340 839 3394 curaverat.
885 3333 955 3394 Cum
978 3335 1102 3410 primum
1125 3333 1213 3408 igitur
1236 3329 1307 3390 deo·

139 3442 379 3515 creati-essemus,
395 3440 509 3500 Gallum
523 3441 661 3500 Barreter
675 3441 811 3500 accersiri
821 3441 967 3515 jussimus,
983 3442 1171 3512 sciscitantes,
1188 3436 1256 3511 quid
1272 3433 1308 3494 de

139 3547 272 3622 pecnnia
284 3551 379 3606 ectum
398 3550 490 3621 esset,
518 3551 548 3604 et
571 3545 665 3606 edocti
686 3561 783 3606 sumus
802 3546 954 3620 ipsummet
974 3545 1144 3606 Galactenm
1166 3561 1185 3602 a
1206 3545 1308 3614 senatu

138 3652 323 3714 Armtatensi
338 3641 461 3726 quatuor
482 3652 577 3712 decies
600 3656 713 3710 centum
727 3647 852 3710 florenos
867 3652 1012 3724 recepisse
1025 3651 1056 3708 iu
1071 3649 1178 3724 grossis
1193 3647 1307 3705 saxoni-

140 3757 181 3817 cis
196 3756 477 3832 Schreokenberger,
499 3753 747 3831 spitzgrocbschen
759 3753 841 3814 'vnnd
856 3754 1023 3829 drielinger,
1040 3752 1090 3814 sed
1104 3753 1245 3839 reliquam
1260 3766 1310 3824 pe·

140 3863 255 3923 cuniam
268 3863 299 3922 in
314 3863 432 3924 tbaleris
447 3878 465 3922 a
481 3859 661 3935 sigismundo
678 3857 873 3918 aWitzleben
888 3861 1048 3935 expositam
1063 3874 1135 3931 esse,
1150 3871 1307 3929 uec-quen·
1431 3873 1437 3881 ¹

141 3982 228 4044 quam
252 3986 288 4030 ex
300 3967 469 4031 consiliariis
481 3970 588 4040 praeter
602 3965 759 4024 Hauricum
775 3962 920 4024 Sindewer
933 3964 1001 4024 huic
1014 3964 1120 4023 actioni
1134 3960 1308 4021 interfuisse.

231 4074 395 4136 Consiliarii
415 4051 686 4150 comitis—(inniberi
706 4071 787 4130 nobis
802 4071 862 4130 vini
884 4072 991 4130 veteris
1017 4075 1047 4130 et
1069 4069 1136 4129 novi
1158 4067 1332 4128 cantharos·

142 4180 512 4257 quindecimpropinarunt
526 4176 693 4236 etnariclos
708 4177 802 4250 pisces
818 4176 989 4251 quindecim,
1003 4192 1075 4250 qnos
1090 4176 1147 4251 ipsi
1158 4175 1242 4248 juxta
1255 4173 1310 4232 lin·

141 4297 228 4364 mam
241 4288 413 4363 gentilitiam
428 4301 509 4348 snam
523 4283 581 4343 Ein
594 4281 726 4342 Mandell
739 4279 853 4344 forlenn
867 4282 1061 4342 nominabant.

193 4465 197 4473 ¹
232 4392 399 4454 Consultum
420 4393 513 4453 uisum
533 4387 589 4448 fuit
606 4388 637 4446 in
652 4389 775 4447 alterum
791 4387 865 4446 diem
880 4383 1003 4448 (lotham
1022 4384 1172 4462 proficisci,
1196 4383 1248 4444 sed
1270 4381 1308 4444 ob

141 4499 326 4576 negociorum
339 4498 443 4560 molem
458 4501 488 4558 et
503 4495 668 4556 decimanus
682 4477 744 4554 dies
758 4477 830 4562 Jalii
844 4492 891 4554 hic
905 4491 1042 4556 terendus
1058 4497 1130 4552 erat.

186 4625 303 4672 waben
1055 4599 1095 4658 16
