3020 5112
664 439 734 508 Μ

101 617 317 681 munitionibus
337 625 368 680 et
386 619 610 696 propugnaculis
632 621 747 697 giorno
767 623 838 698 sint,
857 625 917 700 jam
938 625 1041 687 tamar
1055 625 1195 702 omuibus,
1217 640 1286 701 que

102 739 199 784 eaesar
213 725 347 798 voluerit,
364 724 595 800 subscripserint.
1084 791 1088 801 x

194 831 261 891 Neo
283 831 338 891 hae
359 831 407 891 die
426 831 515 891 udum
537 833 672 893 nuneinm
693 833 729 894 de
744 837 865 912 nostris,
882 852 954 912 quos
968 836 1106 913 Anguste
1121 838 1280 911 reliquera-

100 950 177 1010 mus,
193 933 359 996 babuimus.

195 1040 301 1102 Comes
316 1058 335 1101 a
349 1041 496 1119 Rethberg
510 1043 594 1104 nobis
608 1044 720 1117 retulit,
736 1045 869 1105 comitam
885 1045 922 1105 de
937 1045 1008 1106 Bina
1022 1061 1086 1105 eum
1101 1046 1218 1108 sabbato
1234 1045 1282 1106 die

101 1144 207 1219 elapso
231 1147 274 1206 ilii
294 1151 403 1208 statuta
425 1149 487 1208 dias
514 1148 552 1210 ad
571 1149 749 1220 subeundum
770 1150 892 1224 ospitale
912 1151 1081 1226 supplicium
1100 1155 1190 1225 esset,
1214 1153 1283 1210 aute

101 1251 282 1328 semihoram
298 1253 361 1324 ejus
376 1253 512 1327 temporis
526 1255 622 1314 neseio
637 1255 674 1314 ob
689 1271 811 1328 quornm
826 1256 1057 1315 mmreessionem
1071 1271 1090 1314 a
1102 1268 1208 1314 mare
1222 1255 1284 1316 vita

100 1353 256 1415 donatum.
280 1355 396 1416 Certum
411 1372 526 1431 quoque
540 1365 597 1433 ost,
621 1361 647 1418 is
662 1373 726 1418 oum
747 1359 826 1418 intra
845 1360 983 1433 paludum
998 1361 1113 1420 eamus
1127 1359 1291 1419 duceretur·

101 1475 136 1517 ae
150 1459 184 1518 iu
200 1461 397 1534 hybernaoulo
418 1461 542 1535 quodum
562 1459 639 1522 solus
661 1463 867 1538 dimitteretur,
887 1466 1001 1525 vennae
1016 1464 1172 1538 duetorem,
1196 1480 1288 1539 quem.

101 1563 249 1626 Aonidum
264 1567 380 1628 casaris
395 1573 513 1642 vorant,
534 1583 569 1627 aa
592 1583 657 1628 eum
672 1568 716 1627 bis
730 1569 826 1628 verbis
840 1571 994 1631 allocutum
1008 1568 1110 1630 fuisse:
1134 1568 1283 1630 Generosa

102 1675 131 1728 et
146 1672 280 1745 gratiose
294 1672 408 1733 domine
423 1687 534 1746 eomes,
555 1673 632 1752 misit
653 1689 698 1732 me
718 1689 843 1734 austrea
857 1676 992 1750 maimtas
1008 1673 1039 1733 0.
1057 1675 1090 1734 T.
1107 1673 1202 1736 disere
1217 1691 1281 1736 eam

101 1773 180 1836 intra
197 1776 286 1836 boras
300 1783 359 1837 tres
379 1784 409 1838 et
428 1777 524 1839 vivum
543 1783 574 1838 et
586 1781 729 1838 mortuum
750 1776 885 1838 futurum.
924 1778 1001 1858 Oura
1020 1780 1125 1854 igitur,
1148 1795 1212 1852 qua
1227 1779 1280 1841 tibi

102 1877 288 1955 disponenda
309 1881 453 1944 videntur.
491 1883 537 1943 Ad
558 1883 621 1942 bueo
639 1883 703 1942 illst
727 1883 869 1956 Quoniam
891 1884 975 1944 aliter
995 1882 1059 1944 fieri
1079 1886 1180 1957 nequit
1194 1889 1224 1943 et
1238 1885 1283 1944 sio

100 1986 208 2046 caesari
222 1985 314 2049 rmum
330 1993 387 2062 est,
411 2003 496 2048 omne
510 1988 657 2062 negocium
677 1986 732 2049 deo
756 1989 882 2058 commui
897 1993 927 2047 et
937 1990 998 2062 jam
1014 2005 1089 2048 nune
1104 1989 1178 2050 mori
1192 2004 1278 2062 para·

100 2091 148 2148 tus
164 2107 240 2151 sum.
264 2092 405 2152 Dimissus
419 2085 510 2168 igitur'
529 2107 583 2168 per
602 2093 687 2153 breve
702 2093 886 2153 interstitium
906 2095 1043 2167 temporis
1058 2095 1088 2154 in
1103 2095 1157 2154 bue
1172 2092 1279 2154 deibe-

100 2196 235 2270 ratione,
259 2195 311 2257 sed
332 2197 410 2257 idem
429 2197 531 2258 doctor
549 2213 683 2258 reversus
703 2204 760 2273 est,
786 2196 898 2258 disens:
922 2197 1171 2276 Domiueeomes,
1191 2198 1280 2271 jussit

102 2313 234 2361 casarea
247 2303 381 2376 maiestas
396 2302 448 2362 tibi
462 2301 591 2378 indicari,
608 2302 685 2376 qnod
699 2309 728 2363 te
743 2304 803 2364 vita
812 2302 954 2364 donatura
965 2303 1011 2363 sit.
1035 2302 1153 2363 Adhoee
1166 2317 1279 2362 eomes:

104 2403 223 2466 Gratius
239 2423 293 2482 apo
309 2423 368 2466 suae
383 2408 528 2482 maiestati
541 2423 595 2482 pro
610 2413 691 2468 antu
705 2408 866 2468 elementia.
897 2410 1004 2469 Verum
1020 2409 1044 2468 si
1059 2411 1090 2470 in
1104 2412 1278 2486 potestatem

102 2511 149 2570 vel
163 2512 327 2572 custodiam
341 2511 439 2573 fratris
454 2514 509 2572 mei
524 2513 687 2573 canceltarii
703 2514 838 2589 Ungariae
854 2513 954 2590 dedan,
978 2531 1058 2592 rogo,
1074 2519 1108 2574 ut
1122 2530 1174 2575 sua
1189 2513 1277 2588 maie·

103 2622 165 2678 stas
183 2617 280 2692 potius
292 2633 338 2678 me
353 2616 407 2676 sub
421 2617 548 2694 gladium
557 2618 667 2693 mittat,
683 2634 750 2678 nam
765 2635 841 2679 nuno
855 2619 908 2680 sub
923 2622 977 2680 boe
989 2622 1052 2695 ipso
1067 2619 1190 2681 ordonio
1204 2624 1276 2680 tam·

102 2701 187 2795 poris
202 2724 275 2784 mori
289 2727 408 2798 paratus
424 2739 496 2783 sum.
529 2722 614 2781 Nouo
628 2728 723 2784 autem
738 2724 769 2784 in
783 2722 923 2784 iamuiitio
937 2726 1015 2798 regis
1030 2723 1206 2794 Fordinaudi
1222 2729 1278 2800 est,

103 2828 329 2898 praematurus
345 2829 413 2902 quid
429 2829 471 2888 iili
486 2828 608 2887 eveniat.
992 2825 993 2828 ’

194 2933 261 3006 uxrj
277 2934 357 2993 Junii
372 2933 488 2994 Werda
500 2931 679 2994 eelebratum
700 2939 744 2992 est
758 2932 991 2994 infaustissimum
1010 2937 1040 2992 et
1055 2934 1131 2992 omni
1146 2949 1209 2993 avo
1225 2932 1280 2994 des·

103 3037 277 3110 plorandum
292 3027 444 3098 silentium.
478 3038 552 3098 Nam
567 3037 638 3111 eius,
654 3038 704 3110 qui
720 3039 823 3098 emlnm
838 3043 868 3097 et
881 3044 990 3098 terram
1004 3053 1068 3096 uum
1083 3039 1162 3096 omni
1176 3053 1276 3101 eorum

103 3148 210 3202 ornatu
228 3141 297 3202 feeit
314 3150 345 3202 et
367 3143 459 3204 solem.
474 3142 670 3216 superbonus
691 3149 721 3202 et
742 3143 832 3203 malos
852 3141 941 3202 radiis
961 3142 1020 3201 suis
1040 3141 1182 3202 bmdime
1196 3142 1276 3217 sinit,

103 3248 187 3308 verbi
200 3263 349 3322 praeoues
364 3248 490 3310 obticere
505 3249 642 3322 oportuit.
680 3247 755 3307 Caro
771 3254 801 3308 et
815 3248 940 3324 sanguis,
956 3248 1058 3323 pulvis,
1081 3248 1153 3308 einis
1177 3253 1207 3308 et
1225 3255 1284 3321 pai
1383 3255 1390 3264 “

103 3353 198 3427 tuedo,
214 3369 266 3414 vos
280 3351 400 3429 figulum
413 3370 496 3413 suum
512 3358 541 3412 et
555 3357 714 3430 creatorem
729 3359 862 3414 ereatura
877 3353 962 3414 silere
975 3355 1111 3428 jusserat.
1149 3350 1277 3414 Ostende

104 3457 157 3532 eis,
173 3474 191 3518 o
208 3456 331 3534 domine,
347 3459 426 3534 quod
442 3458 511 3518 daus
527 3459 573 3518 sit.
1089 3469 1091 3480 '

193 3561 317 3624 Domine
332 3563 402 3624 dens
417 3563 581 3624 miseridors
596 3564 744 3639 etiamne,
766 3580 832 3624 eoae
848 3581 944 3626 eorum
958 3571 988 3624 te
1002 3581 1102 3626 manus
1118 3568 1232 3626 nostras
1247 3566 1278 3624 et

104 3681 154 3728 eor
167 3675 298 3730 noenum
313 3669 516 3745 expendimus,
538 3668 709 3730 coufitentes
728 3675 758 3728 et
772 3669 928 3745 ejulantes,
951 3670 1030 3743 quod
1042 3669 1209 3742 iniquitates
1224 3683 1275 3726 no·

104 3781 172 3836 stra
203 3791 395 3850 supergressus
420 3781 487 3836 suut
515 3791 665 3836 numerum
693 3789 789 3834 arena
811 3774 912 3849 maris,
943 3780 973 3834 et
1000 3769 1276 3846 transgressionibus
1308 3827 1310 3832 .

103 3881 210 3941 nostris
231 3887 261 3941 et
274 3881 329 3942 boo
344 3897 461 3942 enorme
475 3887 624 3956 pmtatum
643 3879 878 3954 ingratitudinem
900 3893 970 3952 arga
984 3883 1196 3938 sacrosanctum
1210 3891 1274 3936 ver·

103 3987 172 4046 burn
185 3963 339 4061 addentes,
363 3987 405 4046 ita
426 3984 517 4061 probe
537 3984 783 4044 comminationem
805 3983 884 4044 illam
905 3982 1130 4044 insustentabilis
1151 3983 1203 4042 ira
1217 3985 1276 4041 tna

103 4090 261 4152 commeriti
276 4107 389 4164 sumus,
414 4095 447 4149 ut
461 4085 573 4164 affligas
589 4104 641 4148 nos
656 4086 745 4161 fame,
782 4086 856 4148 fame
878 4089 996 4162 inquam
1009 4087 1175 4149 malesuada
1190 4093 1220 4148 et
1233 4087 1276 4146 in·

103 4194 256 4255 terimente
271 4199 331 4254 turn
346 4211 448 4270 eorpus
463 4200 524 4255 tum
540 4194 673 4268 animum,
682 4209 739 4252 non
754 4191 868 4267 quidem
882 4193 965 4268 panis
980 4190 1101 4254 salsiflui
1116 4192 1204 4253 verbi.
1224 4191 1277 4252 At-

103 4307 199 4360 tamen
215 4299 315 4361 ooniisi
336 4301 372 4360 de
386 4301 516 4362 bonitate
529 4303 580 4360 tua
602 4313 710 4373 magna
726 4301 913 4372 posteaquam
931 4315 990 4358 non
1010 4299 1101 4360 solum
1116 4313 1191 4374 pane
1205 4297 1277 4357 vivit

103 4406 198 4482 bomo,
215 4406 312 4466 sedin
327 4406 404 4465 omui
418 4407 522 4482 verbo,
543 4405 622 4479 quod
640 4405 677 4465 de
697 4419 748 4466 ora
762 4409 813 4463 tuo
827 4403 965 4480 propedit,
979 4406 1064 4479 juxta
1077 4402 1276 4479 praseripuun

103 4509 210 4574 domiai
225 4517 256 4575 et
269 4511 440 4574 'oberatoris
462 4512 553 4574 nostri
567 4511 638 4572 Jasu
654 4507 761 4572 dmisti
781 4523 819 4572 ex
838 4513 902 4572 toto
914 4509 1144 4572 sardeorumusr
1166 4507 1276 4569 mam
