3046 5104
674 433 737 508 109

109 609 279 683 Respondit
292 610 515 683 attrebatensem
528 613 684 688 ipsl'hodie
698 629 751 688 per
765 631 885 690 puerum
900 607 1098 696 demandasse,
1113 621 1190 696 quod
1205 621 1288 684 modo

109 731 173 776 non
186 721 272 776 vacet
287 733 352 776 eum
368 717 477 777 audire.
516 717 682 792 Opportune
698 728 793 783 autem
807 724 890 796 pueri
904 723 960 784 duo
975 724 1049 786 alter
1063 726 1186 786 alterum
1200 743 1287 788 cursu

111 821 280 894 prevenire
296 821 501 886 contendentes
524 823 649 896 Vigiium
664 823 701 884 ad
716 827 830 886 missam
844 828 1043 890 Atrebatensis
1058 837 1206 892 vocarunt.
1228 833 1286 892 Ita·

110 941 170 998 que
185 915 356 998 petitionem
370 932 498 986 nostram
512 927 687 988 iteravimus,

204 1029 394 1091 wendelinus
409 1031 486 1106 apud
502 1031 647 1094 doctmem
661 1035 761 1095 Hasen
775 1035 838 1096 fuit.
878 1037 935 1098 Sed
950 1056 1006 1101 vox
1020 1046 1079 1116 est,
1102 1045 1131 1102 et
1145 1045 1286 1114 preterea

201 1239 314 1300 Eadem
329 1239 448 1302 Carolus
470 1243 637 1304 aStoclrem
658 1259 722 1322 eum
738 1245 894 1320 comitibus
909 1265 927 1307 a
941 1249 1083 1310 Waldeclr
1097 1251 1136 1312 ad
1151 1253 1283 1312 comitem

108 1343 298 1404 wilhelmum
314 1361 332 1406 a
346 1345 462 1406 Nessau
477 1363 613 1423 pransum
626 1349 707 1408 abiit.

200 1450 303 1510 Annus
325 1450 561 1526 quadragesimus
583 1467 671 1527 supra
695 1456 969 1532 sesquimillesimum
984 1461 1093 1534 agitur,
1131 1459 1209 1533 quod
1223 1461 1283 1535 pri·

106 1570 189 1618 mum
202 1556 280 1616 inter
295 1541 443 1616 Gattcrnm
458 1554 603 1633 principes
619 1564 648 1620 et
662 1560 778 1638 comites
793 1578 811 1622 a
825 1563 940 1624 Nassau
961 1581 1049 1640 snper
1063 1566 1200 1626 mmitatu
1215 1563 1282 1626 (lat-

106 1659 266 1721 tineliboco
282 1662 329 1737 agi
343 1667 470 1738 coeptrm
485 1667 537 1723 est.
1183 1729 1188 1736 .

199 1765 300 1827 Abbas
315 1783 334 1826 a
347 1767 499 1841 Kemptem
518 1768 574 1846 ait,
598 1784 629 1828 se
651 1767 716 1842 plus
734 1770 812 1830 mille
832 1773 1005 1832 rusticorum
1019 1774 1139 1848 habere,
1165 1775 1214 1852 qui
1229 1791 1281 1834 un·

106 1887 198 1946 qnam
212 1871 337 1946 panibus
352 1889 388 1933 ex
403 1872 517 1947 siligine
532 1875 577 1933 vel
599 1875 694 1934 tritico
709 1875 754 1933 usi
769 1875 840 1950 sint,
863 1882 893 1936 et
906 1877 1007 1938 hebuit
1022 1895 1080 1939 non
1095 1894 1183 1938 unum
1197 1879 1282 1952 hujus

104 1977 151 2035 rei
165 1974 231 2036 fide
241 1976 357 2052 dignum
371 1957 484 2052 testem,
501 1993 565 2038 cum
579 1978 662 2038 nohis
677 1981 789 2040 caeteris
804 1981 851 2040 vix
865 1979 1002 2042 credibile
1016 1980 1170 2042 videretur.
1192 1982 1279 2056 ddje-

103 2082 146 2142 cit
159 2097 231 2141 vero
247 2083 308 2158 ipse
332 2085 409 2144 inter
422 2083 476 2145 hos
490 2084 644 2152 nonnullos
659 2099 732 2158 esse,
749 2099 869 2172 quorum
885 2086 973 2146 annui
987 2091 1143 2160 proventus
1158 2086 1196 2146 ad
1210 2103 1281 2146 non*

103 2191 210 2260 gentos
226 2187 369 2277 autnmille
384 2205 487 2248 aureos
503 2188 736 2253 extenderentur.
1259 2174 1261 2179 ¹

198 2291 311 2352 Eadem
325 2291 384 2360 dux
398 2293 539 2354 Ernestus
553 2296 659 2369 petitas
673 2295 785 2358 litteras
800 2295 882 2356 nohis
897 2295 982 2356 misit.

198 2397 365 2456 Joachimns
380 2397 667 2474 Brandenbnrgensis
688 2400 795 2460 elector
809 2401 980 2463 Michaelem
1000 2401 1081 2468 illum
1096 2406 1279 2474 personatuum

105 2502 309 2562 Sidoniensem
329 2503 492 2578 episcopum
511 2505 664 2564 multorum
682 2504 895 2590 mendaciorum
911 2509 941 2566 et
960 2505 1035 2580 quod
1049 2521 1151 2566 ronam
1166 2505 1279 2579 agiliter

103 2607 279 2690 transilierit
293 2609 423 2682 convicit,
440 2625 491 2668 nec
506 2609 737 2684 archiepiscopus
753 2609 931 2672 coloniensis
946 2611 1082 2672 Michaeli
1100 2597 1234 2684 prasidio
1249 2611 1279 2670 iu

102 2712 241 2772 omnibus
256 2728 319 2774 esse
334 2714 433 2773 voluit.
664 2785 667 2790 ¹

198 2817 376 2880 Coloniensis
392 2819 427 2878 de
442 2819 549 2892 scripto
565 2821 709 2907 uxorculae
724 2815 802 2894 apud
815 2819 984 2880 Anexomm
998 2826 1171 2892 conquestus
1186 2823 1239 2878 est.

196 2923 309 2983 Eadem
334 2923 556 2997 christophorus
579 2925 637 2985 dux
663 2941 682 2984 a
709 2922 951 2998 Wirtenherg'et
976 2939 1069 2983 comes
1084 2924 1275 2998 Montispelli·

103 3029 187 3112 cardi
202 3023 393 3104 quadraginta
407 3029 550 3102 equitibus
565 3029 771 3088 concomitatur
785 3029 841 3094 huc
855 3027 1005 3090 advenisse
1021 3026 1180 3088 dicebatur.

196 3133 360 3207 Stephanus
382 3135 507 3193 medicus
527 3149 563 3194 ex
577 3133 674 3193 Breda
694 3149 758 3192 cum
777 3135 815 3194 ab
829 3133 960 3194 Adriano
982 3133 1137 3193 aZertzen
1152 3125 1275 3218 interro·

101 3243 239 3314 geretur,
262 3240 410 3324 cuiusnam
424 3236 491 3298 fidei
506 3244 591 3312 esset,
612 3238 773 3312 respondit:
812 3239 884 3300 Cras
898 3239 951 3300 tibi
965 3238 1157 3314 respondebo,
1174 3242 1276 3298 nemus

104 3345 335 3418 interrogantem
349 3344 379 3402 in
394 3360 427 3403 re
441 3344 534 3402 minus
543 3331 627 3404 ”seria
638 3345 748 3418 jocare.

194 3449 265 3523 xxiij
280 3449 360 3522 Maji-
374 3450 404 3508 in
426 3450 532 3523 templo
553 3449 695 3508 minorum
716 3450 744 3508 d.
761 3451 930 3510 Laonardus
953 3467 988 3510 er
1010 3465 1072 3523 cap.
1093 3450 1215 3510 loannis
1240 3451 1273 3509 3:
1295 3487 1297 3492 -

104 3553 198 3613 »Hoec
213 3559 258 3613 est
276 3561 373 3614 autem
387 3555 596 3628 condemnatio,
612 3555 691 3628 qnod
705 3555 755 3613 lux
775 3557 853 3614 venit
874 3555 904 3614 in
918 3554 1054 3614 mundum
1069 3559 1098 3614 et
1113 3554 1276 3614 dilexerunt

100 3658 234 3718 homines
257 3660 348 3734 magis
363 3660 498 3719 tenebras
514 3675 600 3733 quam
615 3655 732 3719 lucem..
753 3661 847 3720 Erant
867 3660 942 3718 enim
964 3674 1064 3718 eorum
1085 3659 1273 3746 malaopera.

103 3761 205 3821 Omnis
220 3764 294 3822 enim
310 3765 357 3837 qui
373 3764 449 3823 mala
465 3765 534 3838 agit,
551 3763 612 3824 odit
626 3766 728 3838 lucem,
745 3781 797 3823 nec
812 3766 890 3824 venit
905 3764 943 3823 ad
957 3764 1059 3836 lucem,
1075 3761 1275 3835 utgconspicua

98 3866 175 3933 liant
189 3865 374 3943 iacmipsins,
392 3868 469 3942 qnod
478 3872 530 3941 p'er
539 3865 631 3928 Deum
641 3869 698 3927 sint
706 3866 801 3928 acta«
819 3874 883 3943 etc,
899 3868 1004 3942 populo
1020 3857 1272 3942 misenensem,

100 3979 237 4046 repetens
260 3973 365 4048 primo,
391 3972 534 4058 quaaheri
548 3972 693 4058 docuerat,
717 3972 849 4032 nimbum
869 3971 945 4046 quod
960 3972 1078 4059 credens
1094 3971 1272 4046 nonjudica-

100 4084 159 4153 tur,
175 4079 340 4138 incredulus
356 4081 452 4136 autam
463 4074 608 4149 judicatus
624 4077 670 4134 sit.
709 4077 802 4149 Quam
816 4083 912 4136 autem
933 4077 995 4136 haec
1009 4069 1152 4138 sententie
1167 4077 1274 4152 Christi

99 4184 209 4244 mundo
225 4200 283 4243 non
298 4183 440 4256 arrideat,
461 4198 496 4241 ex
516 4180 570 4242 hoc
584 4185 699 4256 patere,
723 4181 901 4254 quodetiam
920 4183 1053 4244 tenebras
1068 4185 1201 4259 amplecti
1215 4201 1277 4244 ma·¹

99 4288 166 4348 lint:
202 4289 277 4350 Nam
296 4289 393 4349 Judoei
415 4287 570 4361 ioannem,
593 4285 761 4360 austerioris
780 4286 847 4346 vite
868 4271 974 4362 virum,
995 4287 1097 4348 audire
1117 4289 1271 4362 noluerint,

100 4393 247 4453 Christm
274 4391 436 4452 bominibus
464 4397 682 4452 conversantem
713 4396 848 4465 unquam
878 4392 1009 4452 luconem
1037 4394 1190 4474 rejicerent
1217 4395 1271 4452 etc.

98 4500 174 4560 llam
193 4497 271 4574 quod
296 4497 515 4558 directissimam
535 4499 573 4557 sit
597 4496 797 4572 compendium
823 4497 890 4558 vita
911 4503 1027 4561 eternae
1054 4495 1270 4572 consequendae,
