3020 5112
688 413 765 480 les

151 616 157 624 ·
234 592 297 654 Nos
312 593 426 668 rogent
438 593 544 670 hospes
559 598 600 670 nt,
623 595 648 654 si
663 609 721 670 qne
734 592 799 654 fieri
813 600 926 670 posset,
949 611 1067 672 operum
1083 599 1215 660 daremus
1230 601 1318 662 domi·

129 715 212 758 unm
226 714 380 760 novercam
400 697 477 773 epud
495 701 588 774 ipsum
609 700 762 779 hospitari,
786 700 866 774 qnod
885 700 978 773 ipsum
1000 702 1030 760 in
1053 706 1174 776 gratim
1197 707 1318 782 hospitis

131 803 223 878 -epnd
238 803 356 864 loetum
371 803 578 864 Oolbeoherum
594 809 624 864 et
637 805 824 866 Melchiorem
839 804 974 864 Lindium
990 807 1113 882 obtinui,
1137 827 1172 869 ιι
1186 812 1264 886 lege,
1286 817 1319 880 ut

143 907 249 982 hospes
265 907 457 970 hebdomonn
472 913 583 970 tontum
597 909 723 986 thuleros
739 909 838 970 decem
854 909 1006 984 acciperet.

234 1012 386 1088 Philippus
400 1011 492 1072 ιιιιιι
512 1019 543 1072 ιι
561 1031 614 1096 ego
638 1015 727 1088 igitur
747 1031 835 1087 equos
857 1015 1095 1092 conscendentes,
1121 1035 1187 1079 nem
1207 1021 1232 1079 is
1253 1038 1316 1082 meo

123 1117 271 1192 monito,
294 1123 328 1176 nt
342 1117 556 1182 metricbvinrn
570 1117 668 1191 fieret,
691 1135 746 1194 ego
762 1123 794 1178 ut
807 1120 928 1180 meliciee
944 1123 1088 1181 novercali
1104 1130 1134 1182 et
1148 1125 1271 1198 bospitio
1287 1132 1318 1185 et

143 1222 216 1282 orbe
230 1221 374 1282 cederem.
405 1223 508 1296 Sicqne
523 1221 569 1282 die
585 1222 698 1282 subbati
712 1223 847 1284 vicesimo
862 1225 948 1284 tertie
962 1225 1042 1284 lunii
1057 1227 1215 1304 Angustam
1230 1233 1317 1290 comi·

143 1332 226 1388 tonte
242 1344 296 1388 nce
311 1327 423 1388 loennc
439 1325 591 1415 ιιιιιιιιι,
606 1328 732 1390 Henrico
747 1327 922 1404 Etzdorifio,
946 1329 1073 1406 coepero
1089 1331 1197 1393 Comen
1212 1339 1241 1393 et
1256 1335 1314 1392 Lu·

132 1432 246 1499 -dovico
262 1447 346 1493 serso
360 1433 509 1507 liquimus,
531 1449 616 1507 quom
631 1433 678 1494 die
693 1435 805 1494 subbati
820 1435 929 1496 decime
944 1441 1048 1510 queris
1063 1455 1081 1496 ι
1095 1436 1203 1510 Aprilis
1225 1440 1315 1498 intro·

144 1551 289 1614 ememus.
323 1538 385 1598 Nec
399 1538 510 1598 interes
524 1543 622 1598 noctes
639 1519 756 1612 diesque
771 1540 839 1599 olibi
855 1540 993 1615 degimus.
1018 1543 1104 1602 Ferit
1119 1542 1189 1601 deus
1204 1527 1236 1601 ιιι
1251 1541 1316 1604 leli·

144 1638 247 1703 citer¹
269 1643 356 1702 sitin
376 1644 501 1718 petrium
521 1641 675 1720 profectio,
703 1660 789 1716 qoem
809 1645 847 1704 ed
868 1645 1000 1709 Suevinm
1020 1654 1049 1706 ιι
1074 1647 1238 1708 Vindelicos
1263 1647 1317 1710 init

144 1748 343 1822 perigrinatio.
381 1747 421 1808 Et
434 1748 604 1808 benedictus
618 1749 656 1806 ιιι
671 1729 836 1836 ιιιιιιςιιιιι,
853 1750 902 1823 qui
916 1767 961 1808 me
970 1753 1000 1808 in
1014 1753 1101 1811 tentis
1110 1755 1316 1814 tentationibus

145 1858 180 1912 ιι
189 1853 287 1912 enimn
303 1858 333 1911 et
348 1868 469 1928 corpore
491 1852 660 1912 incolumem
681 1867 717 1910 ex
737 1851 867 1912 omnibns
888 1855 1048 1927 aquilernm
1068 1860 1098 1914 ιι
1117 1859 1193 1914 omni
1215 1874 1318 1931 expec-

143 1957 257 2018 tatione
272 1957 396 2016 οιιιιιιιιιι
410 1958 590 2016 inimicorum
605 1958 719 2032 cripuit.
752 1955 848 2016 Donet
862 1963 894 2018 ut
913 1973 949 2017 ex
969 1957 1055 2017 corde
1074 1959 1189 2018 leudem
1212 1975 1315 2020 nomen

132 2062 211 2136 vepus
227 2062 316 2122 solius
331 2062 361 2120 in
376 2067 555 2136 perpetuum.

162 2219 165 2225 .
235 2168 316 2228 Inter
326 2165 513 2240 equitandum
522 2167 670 2241 Philippus
685 2165 776 2227 freter
791 2173 889 2226 noster
902 2167 1016 2241 rogavit
1030 2171 1071 2240 ut,
1088 2168 1113 2226 si
1130 2168 1184 2228 deo
1199 2171 1315 2243 suspice

145 2275 270 2350 petriem
284 2273 451 2346 coutingere
465 2271 535 2330 mihi
557 2271 689 2346 deretur,
711 2278 744 2332 nt
766 2274 827 2347 ejus
840 2277 876 2350 Γιι
897 2267 1019 2331 fratrum
1040 2257 1153 2359 quoque
1173 2271 1314 2332 Dinostiee

144 2379 289 2450 rationem,
301 2376 446 2450 haberem,
463 2376 581 2456 eddone,
597 2379 753 2452 anquando
764 2378 929 2453 meditarer,
946 2377 1049 2452 quibus
1059 2378 1111 2436 viis
1122 2378 1314 2438 dissensiones

145 2485 223 2544 inter
246 2500 298 2546 nos
321 2484 452 2557 componi
474 2488 592 2558 possent
613 2499 648 2544 ec
669 2484 764 2543 nescio
787 2483 857 2558 quid
880 2485 957 2543 intro
980 2484 1096 2543 buccam
1123 2500 1313 2544 murmurans.

147 2588 219 2648 Cum
233 2588 452 2661 interrogarem,
469 2603 541 2661 ques
556 2589 767 2665 controversias
783 2587 900 2662 diceret,
917 2589 967 2662 ιιι,
983 2590 1059 2648 inter
1074 2605 1163 2663 pagos
1179 2589 1269 2648 Tuist
1283 2595 1313 2648 ιι

144 2691 307 2754 Berndorff.
340 2692 489 2767 Respondi
503 2709 557 2766 pro
572 2697 716 2765 tempore,
740 2708 803 2764 quae
824 2691 862 2750 ed
882 2709 985 2767 pecenr
1003 2691 1098 2752 ιιιιιι
1119 2695 1231 2768 putavi,
1255 2711 1313 2754 non

144 2798 276 2872 neglecto
290 2797 405 2856 interim
419 2797 550 2856 veritatis
565 2799 743 2871 ostensione,
764 2797 856 2858 nivel
871 2798 985 2870 pelpori
998 2803 1110 2872 posset,
1132 2795 1199 2871 quid
1218 2797 1312 2872 vebm,

144 2901 325 2976 concludens,
342 2903 437 2962 nullos
450 2871 564 2962 omnino
579 2904 721 2962 internos
738 2901 929 2961 dissensiones
943 2901 1015 2976 lore,
1031 2903 1056 2960 si
1071 2919 1135 2960 eum
1149 2903 1180 2982 in
1194 2918 1239 2960 me
1254 2903 1314 2962 eni·

145 3013 386 3082 mum-gererent,
409 3008 522 3084 qnnlern
537 3022 631 3066 meum
645 3007 676 3066 in
689 3007 766 3095 ipsos
786 3010 893 3078 prester
912 3007 989 3064 elios
1004 3008 1090 3066 modo
1112 3006 1159 3064 hie
1177 3005 1314 3080 Augusto

75 3145 79 3151 ·
148 3113 379 3188 expertiessent,
396 3118 426 3172 et
440 3129 499 3185 eos,
516 3129 637 3186 quorum
651 3111 747 3169 omnin
763 3106 775 3144 ³
790 3128 848 3170 non
862 3112 968 3185 ignote,
985 3113 1035 3185 qui
1050 3113 1144 3171 oleum
1159 3113 1189 3170 in
1204 3089 1314 3172 comino

146 3220 192 3295 (ut
212 3219 242 3278 in
263 3218 416 3293 proverbio
436 3215 553 3291 dicitnr)
577 3215 752 3290 suillindunt,
775 3217 821 3276 vel
835 3233 853 3274 ι
868 3233 899 3276 ιι
914 3223 1079 3276 amoverent
1092 3217 1137 3276 vel
1152 3217 1253 3275 saltem
1267 3233 1314 3276 oo·

144 3323 305 3397 noscerent,
320 3323 492 3395 tandemque
505 3322 602 3396 recepi
617 3337 680 3395 quoe
691 3337 808 3395 ,possem
822 3303 1006 3382 libentissime
1021 3335 1066 3382 me
1080 3320 1229 3408 iacturum.
1264 3308 1265 3318 ’

235 3427 473 3490 Tronseontibus¹
485 3432 581 3486 eutem
597 3427 784 3487 Werniteium
805 3424 935 3500 fluvium,
957 3429 1003 3487 vel
1018 3417 1095 3502 onod
1110 3426 1196 3486 dudo
1211 3443 1314 3486 nomen

145 3540 203 3607 ιιι,
224 3538 254 3594 ιι
268 3525 565 3608 appropinquantibus
580 3533 685 3614 cosule
700 3534 743 3592 illi
757 3534 791 3592 in
802 3535 877 3594 viem
892 3533 1030 3592 Werdem
1046 3534 1314 3622 euntibusonstus

145 3635 227 3715 puer,
244 3654 328 3714 quem
342 3635 433 3722 freter
447 3637 597 3712 Philippus
612 3641 803 3713 praemiserat,
820 3655 884 3698 cum
895 3618 1034 3712 ¹Adolpbo
1048 3654 1148 3696 rursus
1164 3635 1247 3694 nobis
1263 3637 1313 3696 ob·

145 3745 221 3804 riom
235 3744 352 3804 venium
367 3742 493 3802 dicemus
507 3750 628 3804 matrem
648 3745 678 3802 in
697 3759 772 3818 pcgo
793 3741 979 3801 Gerstboven·
993 3748 1022 3800 ιι
1043 3755 1178 3814 prensam
1199 3755 1262 3798 esse
1285 3746 1314 3799 ιι

146 3847 246 3908 istbsec
260 3845 425 3923 Philippum
440 3855 601 3922 expectere,
623 3853 655 3908 ut
676 3865 739 3907 eam
758 3847 917 3921 Augustam
940 3845 1073 3904 deducat.
1104 3843 1147 3902 Ao
1167 3841 1313 3916 paululum

146 3952 307 4027 progressis
322 3968 356 4012 ec
367 3953 427 4025 jum
442 3969 548 4027 pagum
562 3953 736 4012 intrantibus
751 3953 847 4010 nescio
863 3951 942 4024 cujus
961 3951 1044 4023 jussu
1058 3947 1136 4010 ,dixit
1154 3948 1313 4023 Adelphos,

147 4058 291 4118 dominnm
305 4063 427 4117 matrem
442 4073 545 4131 rogere
561 4063 594 4116 ut
607 4057 739 4136 Eubulus
755 4071 866 4130 quoqne
882 4071 945 4138 cem
960 4056 1069 4128 alloqui
1085 4055 1178 4116 vellet.
1211 4056 1314 4129 Itaque

129 4181 210 4226 cnm
224 4163 391 4224 inteberne
402 4162 595 4237 reperientes,
619 4179 683 4236 quoe
698 4163 747 4222 ubi
762 4177 813 4220 noe
829 4163 990 4235 conspexit,
1014 4159 1092 4221 fores
1112 4160 1224 4221 obviem
1245 4176 1313 4242 conf

146 4269 223 4330 cedit
236 4275 267 4328 ιι
280 4269 400 4329 hderem
415 4286 476 4344 pree
491 4267 632 4340 ecfercite
647 4265 770 4330 frontem
786 4284 838 4330 nos
854 4267 943 4360 amice
958 4267 1079 4338 excepit.
1111 4265 1135 4324 0
1154 4263 1313 4344 mirabilem

723 4388 739 4423 ιι

173 4449 176 4454 ¹
208 4481 232 4525 ‚1
254 4476 315 4527 Lies
335 4451 444 4528 felicior.
520 4481 533 4526 2
554 4474 677 4526 nemius?
