3054 5110
745 377 788 444 le

268 562 356 623 Venit
369 576 464 622 comes
477 560 606 621 loannes
620 573 639 620 a
653 558 800 633 Rethberg
815 557 920 620 eadem·
929 557 1071 634 loannem
1090 555 1211 620 iramem
1224 565 1355 622 nochum

179 673 307 728 ueterem
322 683 405 726 sunm
420 665 546 726 sodalem
560 666 694 726 inuisere.
900 711 905 726 .

268 771 372 832 Rattos
396 762 492 830 mures
513 769 646 846 Angusta
664 785 722 830 non
746 766 804 830 lert
825 769 863 830 ob
884 770 938 828 soli
961 768 1006 847 (ut
1026 769 1123 829 Maior
1146 767 1229 846 dicit)
1244 768 1356 846 frigidi-

180 858 283 951 tatem,
304 877 390 950 juxta
403 877 532 951 papistas
547 883 657 950 summ,
680 875 758 950 quod
780 875 808 935 d.
825 873 917 936 Uiriei
939 873 1071 948 precibus
1091 874 1128 934 eb
1151 874 1197 934 his
1215 875 1357 935 immunes

180 983 247 1042 sint.

271 1085 344 1146 Tum
358 1088 481 1160 primum
495 1085 678 1146 Malvendam
697 1101 812 1161 qnoque
834 1085 936 1145 adesse
950 1086 1087 1160 comperi.
1125 1085 1199 1144 Item
1212 1083 1358 1144 Bueerum

183 1193 322 1254 delusum.
361 1191 520 1252 Consilium
533 1193 645 1252 comitis
660 1209 679 1252 a
693 1189 808 1253 Nassau
823 1189 885 1266 fuit,
902 1195 935 1250 ut
948 1194 1011 1266 tuto
1026 1191 1108 1253 saluo
1123 1189 1277 1250 conductui
1292 1188 1355 1250 Oae·

183 1298 255 1358 saris
270 1295 413 1362 fiderem..
880 1367 885 1378 ,

271 1401 422 1462 Goenatum
434 1401 524 1476 igitur
536 1405 582 1460 est
592 1400 671 1476 apud
682 1384 899 1461 Treverensem.
922 1400 1099 1461 lsEubulum
1113 1417 1167 1476 pro
1181 1401 1273 1462 veteri
1287 1400 1358 1460 ami·

182 1507 251 1565 citio
264 1507 428 1566 humaniter
443 1505 565 1580 excepit.
589 1506 754 1574 Intererant
768 1510 864 1564 autem
879 1506 1009 1566 convivio
1023 1503 1195 1566 wilhelmus
1209 1521 1228 1565 a
1241 1504 1357 1564 Nasson
1376 1524 1379 1529 ·

184 1615 214 1670 et
228 1610 404 1686 Dillenberg,
430 1614 459 1670 et
473 1609 601 1670 Joannes
623 1609 770 1670 aNassau
795 1616 825 1670 et
840 1611 985 1674 Sarbruck
999 1611 1130 1688 comites,
1151 1607 1293 1686 Georgius
1307 1609 1357 1669 ille

183 1715 327 1777 Wicelius
343 1715 444 1776 Fuldae
469 1715 655 1790 perturbator
675 1719 705 1774 et
722 1715 894 1788 praepositus
913 1714 1031 1790 quidam
1049 1715 1283 1775 Vratislauiensis
1299 1712 1356 1776 (le-
1404 1767 1407 1774 .

184 1822 282 1896 orgins
297 1821 404 1897 bouus,
428 1821 556 1881 homines
572 1820 689 1894 quidem
703 1837 762 1881 non
776 1821 915 1894 illiterati,
941 1807 993 1880 sed
1013 1835 1135 1894 quorum
1155 1820 1280 1906 eruditio
1294 1835 1358 1894 pes·

184 1926 254 1986 sime
269 1927 388 1992 habitet.
427 1927 500 1988 Sunt
521 1913 596 1986 enim
619 1926 716 1986 hostes
740 1929 770 1985 et
784 1931 983 1999 persecutores
1005 1926 1130 1986 omnium
1144 1926 1193 2000 pie
1208 1923 1358 1988 doctorum

72 2035 82 2056 ⁸
185 2032 326 2105 acerrimi,
350 2035 383 2090 ut
396 2032 474 2090 mille
488 2032 585 2092 verbis
599 2032 713 2106 ipsimet
726 2031 916 2090 testabantur.
959 2013 1055 2104 Logus
1076 2030 1126 2090 ille
1147 2031 1239 2100 multa
1253 2029 1290 2091 de
1305 2028 1356 2090 ah

184 2138 336 2210 negatione
349 2137 472 2204 Joannis
486 2138 573 2196 Hessi
588 2137 799 2196 concionatoris
813 2135 1037 2196 vratislaviensis
1052 2137 1173 2211 locutus,
1198 2136 1248 2211 ait,
1265 2131 1358 2210 ipsum

186 2241 277 2302 multo
292 2241 331 2301 ad
344 2247 472 2301 veterem
493 2221 727 2300 consuetudinem
751 2242 924 2316 immutasse,
946 2240 983 2300 ob
998 2239 1075 2314 quod
1089 2257 1153 2301 eum
1166 2241 1241 2302 mele
1256 2257 1275 2302 a
1290 2240 1357 2300 civi·

186 2345 240 2405 bus
256 2346 316 2404 suis
331 2345 454 2420 audiret,
470 2335 552 2419 quasi
567 2345 606 2404 ad
620 2343 730 2404 felicius
744 2346 826 2406 navis
840 2347 915 2406 latus
929 2346 1093 2420 posthabita
1107 2345 1214 2406 Chr-Isti
1227 2346 1361 2406 doctrina

187 2466 219 2510 se
233 2451 393 2530 inclinaret,
418 2467 479 2526 prae
494 2466 617 2510 moerore
633 2456 830 2526 consumptum
845 2467 916 2511 esse.
941 2449 999 2512 Sed
1013 2453 1076 2525 quis
1096 2451 1226 2525 pessimis
1239 2450 1361 2512 homini·

160 2545 168 2558 ⁸
189 2556 252 2630 bus,
268 2556 401 2616 debonis
417 2555 534 2615 sinistra
549 2556 741 2632 narrantibus,
757 2554 842 2616 fidem
858 2554 1017 2616 adhibeat?
1039 2557 1181 2617 Buoerum
1196 2556 1362 2618 nesciebant

189 2676 274 2734 quem
288 2659 430 2736 facerent,
454 2677 531 2720 nunc
545 2677 611 2721 eum
625 2661 820 2736 sacerdotem,
843 2677 879 2722 ex
894 2660 1043 2722 sacerdote
1058 2661 1301 2736 dominicastrnm,
1324 2677 1361 2721 ex
1420 2667 1425 2680 “

188 2765 390 2826 dominicastro
405 2765 640 2840 Canthusianum,
664 2783 699 2826 ex
722 2765 913 2844 carthusiano
933 2766 1057 2828 aulicum
1078 2773 1108 2827 et
1121 2767 1200 2828 haud
1213 2768 1273 2828 scio
1288 2781 1361 2842 quas

188 2872 431 2946 metamorphoses
455 2871 498 2930 illi
521 2859 727 2944 attribuentes,
757 2871 1008 2946 chamelopardum
1031 2873 1149 2948 insuper
1171 2872 1359 2932 nominantes.

78 2989 81 2994 ·
191 2974 320 3035 Tandem
335 2976 469 3038 effutiunt
481 2977 535 3037 sub
549 2975 629 3037 solvo
642 2975 785 3038 conductu
793 2976 907 3051 quidem
913 2977 1056 3038 Buoerum
1065 2978 1224 3067 Augpstam
1238 2977 1360 3052 venisse,

189 3081 240 3142 sed
258 3083 418 3144 arctissima
440 3083 571 3143 custodia
586 3083 639 3143 sub
653 3063 827 3143 marchionis
842 3082 975 3142 electoris
998 3085 1195 3144 commissione
1215 3083 1321 3157 teneri,
1343 3097 1362 3141 a

190 3187 243 3248 deo
257 3205 294 3247 ne
309 3189 475 3248 schedulam
491 3186 605 3261 quidem
619 3185 697 3247 foras
713 3186 838 3246 scribere
852 3187 960 3246 liceret.
990 3188 1064 3248 Item
1078 3170 1202 3248 eundem
1212 3187 1274 3261 jam
1287 3201 1363 3262 pene

190 3292 303 3354 duobus
324 3295 439 3368 scriptis
463 3308 494 3350 se
516 3291 604 3350 alium
624 3289 752 3350 futurum
772 3295 908 3350 testatum
928 3307 1001 3352 esse.
1047 3291 1101 3352 His
1125 3273 1262 3354 Wieelius
1282 3291 1363 3370 velut

190 3397 284 3456 oleum
297 3398 409 3456 camino
424 3395 640 3456 subministrans
648 3392 798 3470 Philippus
806 3388 978 3456 Melanthum
992 3397 1087 3458 multo
1096 3397 1223 3471 apertius
1238 3400 1362 3456 mentem

191 3501 277 3562 aliam
292 3502 354 3574 eius
369 3507 443 3578 esse,¹
457 3516 543 3576 quam
557 3499 689 3575 antehac,
705 3500 812 3576 scripto
827 3504 968 3560 testatur:
993 3501 1034 3564 Ut
1046 3503 1162 3562 interim
1181 3506 1361 3576 praeteream,

190 3622 255 3681 quae
278 3608 309 3665 in
324 3607 461 3682 optimum
474 3607 568 3667 virum
582 3607 679 3665 Vitum
694 3605 879 3665 Theodorum
898 3605 1095 3667 deblateravit
1141 3607 1199 3667 Sed
1220 3607 1259 3668 ah
1272 3605 1364 3681 pudet

191 3716 221 3772 et
240 3711 318 3772 dolet
339 3712 424 3786 hujus
440 3707 629 3772 scamerinae¹
662 3710 808 3772 homiuum
824 3711 874 3772 ¹uel
893 3711 1036 3773 audivisse
1060 3713 1105 3772 vel
1118 3711 1288 3787 meminisse,
1313 3711 1363 3786 qui

144 3897 146 3901 ι
190 3818 313 3894 magiam
328 3824 358 3878 et
371 3818 534 3878 idolatriam
548 3816 698 3892 propalam
713 3813 893 3877 confitentur.

278 3922 357 3982 Nota
371 3917 408 3984 de
423 3924 525 3986 comite
539 3924 570 3982 iu
584 3921 739 3998 Hispania,
764 3923 814 3997 qui
836 3937 889 3997 per
904 3937 987 3982 suum
1009 3917 1096 3982 fidum
1111 3919 1317 3981 cubicularium
1331 3936 1364 3981 so

186 4022 314 4103 jugulari
327 4035 480 4089 curaverat
493 4044 527 4088 ac
540 4027 654 4088 hornari
667 4014 765 4101 jus'sit,
790 4027 909 4101 iperans
924 4043 955 4087 se
969 4027 1046 4086 intra
1067 4041 1179 4086 menses
1194 4013 1305 4101 aliquot
1316 4026 1363 4100 ju·

191 4140 389 4195 senescentem
411 4133 450 4195 ad
472 4134 561 4194 vitam
575 4133 680 4212 ,redire
694 4147 779 4208 posse
794 4137 847 4192 eto.
877 4137 908 4191 et
927 4131 1005 4205 quod
1026 4136 1136 4204 septem
1156 4131 1302 4192 mensibus
1316 4146 1362 4190 se-

191 4237 311 4312 pulchro
339 4243 442 4312 aperto
463 4240 595 4300 inventus
616 4239 654 4298 sit
675 4231 812 4310 tanquam
834 4233 928 4298 inians
946 4237 976 4296 in
997 4242 1082 4297 utero
1102 4237 1202 4324 matris
1222 4251 1363 4312 mescone,

769 4373 785 4408 *

265 4465 277 4510 1
298 4458 430 4526 'lhujusce
447 4460 539 4512 lamna
555 4431 699 4512 homimum.
