3020 5112
786 417 854 492 196

235 613 290 674 s'ibi
305 611 466 686 symmistes
478 609 540 684 Jam
554 614 624 682 turn,
641 623 703 666 eum
718 613 853 668 asenatn
869 623 955 680 snper
969 606 1025 666 boc
1032 607 1165 681 requisiti
1173 613 1278 684 essent,
1296 607 1326 669 e't
1340 625 1410 668 con-

235 719 374 778 siliumet
387 731 557 791 responsum
571 729 653 772 suum
669 710 781 772 dedisse
792 719 826 772 'et
840 713 900 772 sole
914 713 1021 771 olarios
1036 715 1183 786 constare,
1205 712 1283 786 quod
1299 714 1331 772 in
1346 720 1409 773 toto

235 824 309 885 libro
323 823 405 881 istius
420 821 536 880 interim
549 820 598 878 vix
612 822 672 876 tras
684 819 801 878 articuli
816 819 889 889 sint,
911 817 1013 891 quibus
1028 818 1140 877 sincere
1154 819 1319 882 christanus
1339 819 1408 878 sub·

235 928 361 988 scribere
377 931 472 1000 queat.
503 926 543 984 Et
557 924 630 996 dixi,
652 923 757 996 inquit,
780 921 902 982 dominis
917 923 987 982 meis
1002 922 1165 984 consulibus
1179 939 1225 982 me
1240 929 1347 983 nna-et
1362 940 1408 982 ce·

235 1041 314 1093 toros
329 1033 388 1093 albi
402 1032 504 1104 nostri,
530 1029 622 1088 donec
643 1042 697 1100 per
719 1032 850 1086 senatum
873 1027 953 1104 (licet
975 1034 1109 1102 respectu
1131 1029 1236 1087 nullius
1259 1028 1408 1103 personae)

235 1131 429 1213 ciangelicam
442 1135 605 1196 doctrinam
619 1148 692 1208 pure
706 1139 736 1192 et
751 1135 901 1192 sinceriter
917 1134 1064 1208 doobrros,
1085 1139 1255 1216 rumpantur
1270 1134 1408 1194 aduersa·

128 1271 129 1274 *
235 1245 287 1303 riis
302 1245 352 1302 ilia
365 1243 411 1301 vel
426 1257 516 1300 secus.
541 1241 572 1298 Si
587 1245 681 1298 autem
695 1239 802 1298 domiui
816 1239 873 1298 mei
887 1243 1031 1312 verentur,
1048 1240 1105 1298 illis
1119 1240 1175 1298 mei
1191 1254 1260 1312 ergo
1274 1239 1348 1312 quid
1362 1239 1407 1299 vel

236 1347 406 1407 incommodi
421 1352 471 1406 aut
485 1343 585 1420 periali
600 1360 659 1402 suae
674 1344 837 1417 reipublicae
857 1343 989 1404 accidere
1009 1359 1107 1418 posse,
1130 1350 1192 1404 tum
1210 1344 1336 1404 libenter
1356 1361 1408 1420 pa·

235 1453 310 1526 tiar,
319 1457 352 1510 ut
365 1451 435 1510 mihi
451 1449 559 1508 dealio
574 1449 637 1508 loco
652 1450 824 1523 provideant
838 1454 868 1508 et
882 1465 918 1509 eo
934 1445 1055 1508 conduci
1061 1455 1239 1524 procurent,
1255 1465 1315 1508 non
1331 1450 1409 1508 enim

236 1555 363 1616 conabor
377 1557 447 1628 ipsis
462 1555 558 1614 inritis
574 1559 603 1614 et
618 1559 719 1612 contra
733 1554 1025 1625 voluntatemeqrum
1037 1555 1265 1614 bieooricionari.
1290 1553 1323 1612 Si
1336 1569 1408 1617 ,vero

228 1662 291 1735 ‚ipsi
312 1660 357 1738 (ut
378 1662 510 1735 superins
531 1659 638 1728 dictum
660 1657 715 1734 est)
739 1675 783 1720 me
806 1659 851 1717 bic
873 1659 991 1721 verbum
1014 1660 1189 1735 praedicare,
1212 1664 1245 1717 ut
1264 1657 1409 1718 hactenns

236 1766 342 1826 factum
357 1772 416 1841 est,
437 1767 541 1840 velint,
565 1771 684 1840 paratus
700 1783 762 1824 sum
776 1779 868 1836 usque
882 1763 921 1822 ad
931 1768 1095 1853 'extremum
1110 1764 1314 1824 vitabalitum
1329 1763 1409 1837 apud

237 1891 286 1934 eos
298 1873 461 1934 doctrinam
475 1874 549 1932 hano
564 1879 594 1932 et
608 1871 791 1946 promulgare
807 1875 837 1928 et
856 1867 1012 1940 defendere
1034 1871 1147 1944 ipsique
1165 1871 1319 1930 inbaerere.
1342 1869 1409 1950 4Po-

236 1984 384 2052 steaquam
396 1978 469 2052 iuris
486 1978 632 2037 consultus
647 1975 696 2034 ille
711 1975 752 2034 sic
766 1973 972 2050 wolfgangum
984 1974 1168 2050 respondisse
1187 1975 1273 2048 vidit,
1296 1989 1378 2048 eum,
1397 1972 1409 2008 ¹

236 2085 341 2158 inquit,
365 2083 503 2166 ipse-haec
518 2082 602 2154 diois,
616 2079 680 2139 tibi
694 2081 825 2160 ¹obticere
844 2097 906 2140 non
922 2097 1054 2161 possum,
1077 2063 1267 2140 consultatum
1289 2079 1409 2153 quidem

236 2205 298 2248 esse
318 2191 350 2247 in
369 2193 484 2262 senatu,
508 2204 576 2258 num
601 2187 639 2246 ad
659 2191 771 2274 tempos
793 2188 824 2246 in
846 2188 933 2247 alium
954 2169 1079 2261 aliquem
1101 2187 1195 2244 locum
1212 2185 1409 2244 destinandus

237 2306 325 2352 esses.
352 2293 410 2351 Sed
424 2283 520 2352 timuit
533 2293 728 2365 magistratus,
743 2297 782 2366 te,
799 2293 848 2366 qui
863 2308 926 2350 cum
943 2308 1034 2351 annos
1049 2291 1160 2366 aliquot
1174 2289 1300 2350 fideliter
1314 2291 1364 2349 bic
1373 2291 1410 2349 -in

237 2397 326 2456 verbo
341 2397 449 2457 domini
463 2391 627 2470 profueris,
650 2398 676 2456 si
691 2396 753 2456 baec
767 2397 893 2458 conditio
908 2397 962 2457 tibi
983 2396 1147 2477 offerretur,
1171 2411 1250 2471 aegre
1270 2397 1409 2456 laturum.

237 2501 287 2561 Sin
302 2517 370 2560 uere
386 2507 437 2563 tua
448 2517 523 2575 pace
538 2501 615 2559 mibi
622 2501 733 2576 liceret,
748 2502 886 2563 referrens
903 2503 1024 2562 dominis
1038 2503 1118 2577 meis,
1135 2517 1199 2576 quse
1214 2506 1290 2562 exte
1299 2502 1408 2562 audiri.

237 2605 334 2679 Quare
348 2623 419 2681 non,
444 2607 661 2680 aitMusculus,
685 2604 815 2674 faceres?
844 2609 920 2668 Nam
934 2592 1011 2668 idem
1025 2607 1095 2666 mihi
1110 2605 1204 2666 adhuc
1220 2611 1264 2666 est
1284 2607 1409 2680 animus,

236 2716 270 2770 ut
285 2714 451 2787 ermejam
466 2713 582 2772 audisti.
612 2711 733 2772 Abierat
748 2713 837 2787 igitur
852 2713 928 2772 idem
950 2711 1050 2774 doctor
1070 2713 1183 2772 senatui
1204 2713 1267 2772 boee
1286 2727 1409 2788 enarra·

226 2814 328 2892 turim,
345 2819 427 2891 quasi
443 2799 561 2892 eniguus
577 2817 725 2900 Masculus
740 2833 855 2877 nussam
869 2818 943 2876 hanc
957 2835 1016 2878 non
1029 2818 1211 2878 obolavisset.
1234 2818 1274 2877 Et
1289 2817 1321 2877 id
1335 2823 1409 2878 tem·

223 2925 325 2998 poris,
342 2923 409 2984 dum
425 2919 478 3006 ego
494 2923 572 2997 apud
586 2922 748 2984 Mnsculum
762 2923 792 2980 in
807 2921 916 2982 aedibus
931 2923 990 2982 suis
1006 2927 1239 2997 essem,.senatus
1254 2923 1291 2981 de
1307 2937 1342 2982 eo
1358 2921 1410 2981 ab·

219 3094 221 3098 ,
236 3026 358 3109 legando
374 3028 519 3102 cogitavit.
551 3027 648 3086 Didioi
663 3035 692 3087 et
705 3027 812 3086 ibidem
825 3027 987 3088 Sertorium
1003 3033 1032 3087 et
1047 3028 1118 3088 alios
1134 3028 1232 3088 decem
1247 3014 1335 3087 doces
1356 3043 1408 3102 pe-

236 3133 334 3191 cunias
353 3132 460 3196 habere
480 3137 510 3191 et
527 3133 645 3207 'elargiri
666 3131 703 3191 ad
722 3133 883 3206 parandum
904 3133 1031 3194 militem.
1069 3131 1139 3192 Cum
1162 3133 1286 3192 dicarem
1309 3148 1411 3208 regem

231 3253 350 3309 quoque
364 3236 496 3296 franciae
510 3239 584 3297 male
601 3237 733 3298 affectem
751 3253 813 3298 esse
829 3255 976 3314 argaeos,
997 3239 1051 3312 qui
1071 3239 1220 3303 sinceriter
1242 3235 1338 3299 verbo*
1353 3238 1406 3298 do·

235 3343 306 3399 mini
321 3341 516 3400 adhaererent.
540 3341 607 3401 Non
622 3361 674 3403 rex
676 3345 801 3418 ,inquit
818 3345 870 3403 sed
881 3345 1098 3418 parlamentum
1121 3340 1411 3403 manumitterentur

236 3445 342 3505 ibidem
358 3443 595 3518 christianismo
610 3465 727 3509 necesse
742 3454 787 3509 est
802 3465 864 3509 esse
879 3448 986 3508 ibidem
1007 3440 1195 3510 Christianos.
1225 3449 1277 3511 Ait
1291 3465 1408 3524 quoque
1501 3497 1502 3508 ,

235 3551 334 3609 mirari
357 3567 387 3610 se
410 3553 559 3625 nonsatis
582 3567 680 3628 posse,
705 3555 783 3628 quod
806 3571 902 3614 omnes
924 3545 1023 3615 modot
1042 3571 1089 3614 am
1111 3553 1231 3626 abjectis
1252 3559 1282 3613 et
1295 3536 1409 3627 pavidis

185 3695 188 3700 -
235 3656 337 3716 animis
357 3661 453 3732 essent
474 3657 510 3716 ob
530 3657 621 3717 minas
640 3661 705 3718 tant
692 3665 766 3734 t,um
790 3677 854 3719 cum
876 3666 971 3720 tamen
992 3658 1038 3718 hae
1060 3660 1144 3718 minae
1167 3658 1328 3718 certissima
1350 3659 1409 3718 sint

235 3762 331 3856 signa,
353 3761 430 3836 quod
445 3762 482 3822 N
498 3763 570 3822 nihil
583 3765 637 3824 uel·
644 3779 734 3839 perpe
734 3761 864 3824 traturus
880 3766 918 3840 sit
937 3764 984 3823 rel
1003 3764 1032 3824 vi
1054 3762 1249 3838 aggrediatur.
1281 3763 1410 3828 Interro-

234 3865 300 3940 gari
315 3867 408 3939 ipsum
423 3882 553 3950 quoqne,-
577 3870 601 3926 si
617 3868 686 3942 quid
701 3865 816 3930 domino
837 3871 904 3930 Vito
926 3885 979 3929 suo
1000 3870 1113 3952 nomiae
1133 3869 1196 3928 dice
1217 3868 1315 3928 uellet.
1347 3868 1407 3940 Ait,

234 3969 289 4028 αι’
281 3985 373 4042 rpsum
389 3971 450 4044 ejus
465 3973 579 4031 nomine
595 3974 706 4033 salvere
724 3974 854 4050 iubeam,
879 3981 964 4036 aaut
951 3970 1052 4034 tmibi
1075 3979 1255 4048 enarrasset,
1276 3986 1346 4032 rem
1365 3973 1409 4034 illi

236 4073 409 4148 detegerem.
441 4075 516 4137 Nem
530 4083 634 4150 putare
650 4095 694 4151 se,
719 4080 743 4137 si
758 4083 892 4138 a'senato
908 4074 1084 4153 dimittatur,
1107 4084 1140 4138 ut
1154 4093 1190 4137 ex
1205 4078 1300 4139 verbis
1317 4080 1406 4152 juris·

236 4177 358 4262 consulti
371 4179 447 4262 illius
463 4179 542 4240 aliud
558 4182 686 4257 divinare
701 4200 760 4244 non
774 4191 881 4258 posset,
897 4200 929 4243 se
943 4185 990 4245 uel
999 4183 1142 4244 Basileam
1155 4199 1191 4254 ue
1216 4184 1255 4244 ad
1265 4183 1408 4244 Bernatas

234 4281 350 4356 iturum,
367 4281 406 4343 ad
420 4281 532 4358 tempus
548 4285 665 4360 aliquod
680 4287 774 4348 adbuc
787 4303 907 4383 uxorem
922 4294 952 4350 et
965 4289 1073 4350 liberos
1088 4289 1227 4363 Augusta
1242 4287 1406 4348 relicturus.

812 4419 828 4456 2
947 4436 951 4444 .

312 4491 394 4552 1111.
413 4504 477 4552 tum.
624 4529 630 4534 -
