3046 5104
696 461 760 527 tat

133 639 283 704 volunmte
303 637 444 700 affectum.
465 640 503 699 .ls
523 642 548 700 si
569 657 622 716 pro
638 644 874 716 ignorantia-aut
896 641 933 701 cb
954 641 1108 701 ruditatem
1130 657 1187 700 non
1203 642 1306 714 omnia,

133 761 197 818 quar
213 747 386 818 praeceperit
400 746 496 820 herus,
519 745 556 806 ad
576 750 711 807 amussim
730 754 897 826 exequatur,
921 753 1016 806 tamen
1036 747 1112 804 hunc
1133 761 1190 806 non
1211 748 1332 821 statim,

132 846 221 908 herus
238 848 324 909 domo
342 851 460 930 ejiciens
479 849 682 926 profligaturus
704 859 763 925 est,¹
781 857 832 912 aut
852 852 1021 913 concitatior
1041 851 1070 910 in
1092 865 1156 916 eam
1175 852 1239 924 erit,
1264 853 1307 910 ni·

132 955 238 1012 mirum
252 954 346 1014 sciens
367 955 445 1028 quod
465 973 523 1015 non
545 957 680 1034 studium,
704 958 755 1017 sed
776 959 895 1026 scientia
913 957 955 1016 illi
975 955 1107 1027 defuerit,
1130 957 1220 1014 multa
1241 971 1307 1014 con·

12 1113 13 1118 ,
133 1058 225 1116 donat
247 1064 364 1116 etcum
386 1055 487 1120 suffen
509 1067 562 1120 etc.
601 1054 785 1136 Invigilemus
805 1055 893 1136 igitur
914 1047 948 1122 ut'
966 1063 996 1120 in
1019 1067 1136 1136 recepta
1158 1042 1308 1119 dilectione

132 1167 355 1258 permaneamus
369 1169 398 1223 ct
418 1179 470 1224 nos
490 1167 520 1224 in
540 1166 670 1226 custodia
689 1173 897 1240 praeceptorum
919 1181 1109 1240 exerceamus,
1134 1165 1211 1240 quod
1225 1163 1308 1224 uobis

132 1265 232 1326 faveat
247 1267 327 1327 Deus
342 1273 426 1342 pater
440 1287 492 1344 per
508 1269 652 1336 Christum
671 1269 769 1330 filium.
800 1272 901 1332 Amen.

214 1373 301 1441 ¹Ante
314 1375 478 1434 concionem
498 1377 575 1436 intra
597 1376 615 1436 t
636 1381 665 1436 et
687 1381 706 1436 4
726 1379 804 1438 venit
822 1377 958 1452 magister
979 1375 1126 1456 aimerus,
1150 1376 1199 1449 qui
1213 1376 1244 1433 in
1259 1389 1307 1433 cc·

132 1479 222 1536 mitiis
239 1478 421 1553 -Augustunis
442 1481 518 1538 vices
537 1481 711 1554 principum,
735 1482 867 1542 comitum
889 1487 919 1541 et
942 1480 1120 1541 dominorum
1141 1479 1309 1540 Henneber·

131 1584 265 1658 gencium
288 1585 419 1674 gerebat,
443 1586 566 1670 cuique
588 1585 619 1643 in
639 1586 755 1664 cardine
775 1603 822 1646 res
841 1591 948 1661 nostrae
970 1589 1155 1650 versarentur
1177 1585 1309 1658 exposui·
1398 1631 1404 1642 .

132 1705 206 1764 mus,
224 1681 346 1747 eundem
360 1693 496 1762 rogantes
510 1693 544 1748 ut
558 1689 702 1749 Staculum
716 1708 734 1750 a
748 1691 889 1750 Schleben
903 1691 998 1749 adiret
1013 1692 1211 1765 expiscaturus
1226 1688 1308 1772 quiti-

133 1795 254 1852 namin
276 1809 362 1852 causa
385 1798 486 1852 nostra
507 1809 560 1868 per
583 1793 735 1854 electorem
759 1793 1042 1867 Brandeburgeusem
1065 1792 1172 1852 famum
1196 1791 1306 1851 fuisset.

133 1897 192 1972 Qui
206 1897 260 1956 sub
273 1897 424 1974 prandium
438 1903 587 1957 revertens
602 1898 644 1958 ait
657 1898 820 1957 humaniter
834 1913 865 1957 se
880 1915 898 1957 a
914 1898 1029 1958 Steculo
1052 1903 1198 1970 acceptum
1217 1896 1307 1954 huuc·

133 2020 191 2076 que
206 2001 321 2062 dedisse
335 2000 431 2075 fidem,
454 2019 485 2061 se
501 2002 601 2062 sedulo
616 2003 693 2076 apud
708 2003 861 2063 electorem
876 2017 958 2062 suum
972 2003 1082 2061 instare
1097 2001 1180 2076 velle,
1204 2005 1237 2059 ut
1250 2017 1309 2060 una

132 2123 199 2166 cum
219 2106 390 2167 consniariis
410 2105 490 2165 ducis
509 2107 642 2166 Mauricii
661 2108 955 2182 Brandenburgenses
974 2123 1028 2180 pro
1048 2107 1130 2166 nobis
1150 2105 1306 2165 intercede-

133 2216 213 2285 rent,
238 2212 284 2270 vel
307 2213 332 2269 si
355 2209 413 2270 dux
434 2207 592 2271 Mauricius
615 2213 785 2273 consiliariis
810 2213 869 2272 suis
891 2209 1029 2286 Augustae
1051 2193 1157 2270 relic'tis
1179 2209 1250 2270 nihil
1272 2211 1308 2268 de

133 2317 188 2375 hac
207 2332 240 2376 re
260 2316 428 2391 injunxerit,
451 2333 483 2376 se
503 2317 636 2376 datarium
652 2333 773 2391 operam
794 2321 826 2376 ut
845 2316 972 2382 marchio
996 2317 1103 2376 elector
1124 2315 1201 2377 solus
1220 2315 1308 2383 inter·

133 2423 261 2482 eederet.
626 2431 629 2436 ·
769 2421 771 2429 “
911 2411 921 2420 “
1005 2415 1009 2422 ’
1029 2393 1044 2409 “
1072 2479 1074 2491 ,

221 2527 328 2612 ¹Prausi
343 2531 410 2584 sunt
425 2527 571 2586 nobiscum
586 2527 827 2602 idemmagister-
840 2527 1024 2610 Sebastianus
1046 2531 1075 2585 et
1094 2526 1307 2600 Knicpheusen.

227 2629 337 2690 Eadcm
352 2635 418 2689 ante
434 2647 539 2689 nonam
554 2631 807 2693 antemeridianam
821 2631 926 2692 fratres
942 2638 971 2692 et
990 2625 1054 2706 ego',
1076 2631 1220 2703 Liberius,
1246 2628 1309 2687 Col·

133 2738 286 2822 baclrerus,
307 2735 436 2808 Lyctius
452 2714 506 2794 etc.
521 2738 599 2795 iutra
613 2735 774 2795 cubiculum
788 2721 987 2795 Atrebatensis
1002 2736 1105 2808 socan,
1126 2735 1175 2793 ubi
1189 2735 1219 2791 in
1233 2747 1307 2806 prae·

134 2843 233 2920 sentia
245 2839 393 2901 doctorum
409 2838 488 2899 Seldi
503 2847 532 2900 et
545 2841 632 2915 vigili
647 2839 788 2914 magister
798 2841 902 2900 Florus
922 2840 1122 2911 responsiones
1143 2843 1173 2896 et
1194 2839 1307 2910 petitio·

134 2961 187 3005 nes
203 2949 318 3004 nostras
332 2946 448 3019 praesuli
463 2944 603 3020 exposuit,
628 2945 679 3005 scd
694 2961 757 3003 cum
772 2943 891 3002 multum
911 2941 1017 3014 diuque
1036 2936 1104 3000 hinc
1118 2947 1147 3000 et
1162 2942 1231 3000 inde
1244 2959 1307 3000 ver·

135 3051 180 3112 bis
203 3049 365 3110 altricatum
387 3055 463 3108 essct
483 3049 546 3126 (sed
565 3053 661 3110 omnia
681 3068 709 3123 q.
733 3049 864 3122 precario
884 3042 1014 3131 agentes)
1029 3046 1102 3104 tales
1117 3044 1232 3114 tandem
1247 3048 1308 3105 abi·
1423 3097 1425 3104 ,

134 3152 239 3230 vimus,
264 3156 361 3227 quales
376 3156 514 3228 venimus,
537 3171 602 3213 nam
618 3151 653 3212 ne
670 3155 724 3213 diis
739 3153 929 3226 periculosum
945 3155 989 3210 est
1002 3147 1058 3209 lari
1078 3155 1131 3222 etc.
1222 3196 1225 3206 ,

226 3259 337 3319 Eadem
358 3258 524 3338 Galaoteum
546 3259 583 3317 ad
604 3257 779 3334 licentiatum
808 3257 957 3317 Nicolaum
983 3255 1077 3315 Maier
1099 3255 1231 3312 misimus
1255 3269 1309 3327 pro

136 3365 272 3444 consilia,
297 3365 347 3437 qui
362 3379 475 3442 quoque
490 3378 659 3450 responsum
674 3362 841 3434 reportavit.
1275 3365 1280 3376 '
1298 3369 1301 3374 '

172 3548 175 3556 Ι
227 3471 374 3528 Intereant
389 3483 500 3542 omnes,
525 3469 574 3541 qui
587 3467 703 3527 interim
717 3462 790 3527 illud
806 3483 840 3527 ex
855 3467 941 3526 corde
956 3467 1175 3539 amplectuntur.

227 3571 274 3632 Ad
292 3571 444 3632 secundam
463 3571 686 3660 pomeridianam
706 3573 786 3631 verbi
805 3572 928 3630 ministri
949 3575 979 3629 et
997 3570 1128 3630 consules
1149 3565 1229 3626 urbis
1248 3567 1308 3627 Au·

136 3685 229 3753 gustae
245 3677 411 3752 congregati
427 3681 502 3738 sunt.
532 3677 654 3737 Domine
668 3678 741 3737 bene
756 3692 927 3752 prosperare
943 3679 1024 3734 etue
1040 3673 1089 3732 des
1103 3653 1196 3730 lacurn
1212 3667 1310 3746 super·-

137 3785 182 3843 bis
198 3787 228 3842 et
241 3782 345 3855 impiis.
436 3799 440 3804 ·
498 3847 500 3850 ¹

228 3885 337 3946 Eadem
352 3885 487 3950 Gerulum
501 3883 520 3945 a
534 3885 678 3946 Stcckeim
698 3889 843 3958 satrapam
863 3885 893 3943 in
907 3883 1056 3956 Weilburg
1077 3886 1106 3941 et
1125 3880 1253 3956 Usingen
1273 3873 1311 3939 ad

137 3991 271 4052 comitem
286 4007 368 4051 suum
382 3991 445 4050 heri
460 3991 565 4050 abiisse
580 3990 774 4062 comperimus.
841 3991 851 4002 “
1244 3979 1251 3986 ’

228 4096 339 4156 Eadem
353 4095 495 4155 Liberius.
504 4096 540 4154 cb
554 4094 747 4154 ualetudinem
766 4100 799 4154 ut
816 4095 919 4154 missus
939 4093 1050 4166 aliquot
1070 4091 1197 4151 aculiua
1212 4095 1311 4148 nosce

138 4201 391 4274 illi'mitterentur,
415 4215 471 4273 quc
491 4199 631 4259 medicum
651 4205 680 4258 et
698 4199 965 4274 pharmacopolam,
989 4215 1111 4286 quorum
1133 4211 1223 4271 opera
1242 4181 1311 4256 usas
1391 4274 1393 4278 ι

139 4309 217 4382 erat,
240 4307 370 4366 convivio
387 4307 520 4378 excipere
533 4307 643 4378 posset,
667 4301 789 4377 rogavit.
823 4331 825 4338 ι

226 4409 385 4469 Consilium
402 4409 420 4466 J
422 4381 521 4467 cannis
535 4407 633 4468 fratris
648 4387 740 4474 nostri
760 4413 831 4480 erat,
855 4411 888 4464 nt
907 4421 996 4479 opera
1016 4407 1122 4465 domini
1133 4399 1174 4465 ‘de
1191 4403 1267 4475 Lyre
1283 4407 1312 4458 et

139 4515 243 4587 Busae,
267 4514 316 4587 qui
330 4531 389 4574 eon
403 4519 543 4573 extremas
558 4511 636 4584 apud
650 4513 852 4586 imperatorem
866 4515 966 4569 tenere
981 4511 1124 4582 dicuutur,
1148 4509 1221 4567 alter
1236 4507 1313 4564 enim
