3046 5104
765 447 829 513 140

214 639 347 710 geretur,
371 638 422 694 aut
444 633 468 690 si
490 630 521 689 id
543 635 680 690 asenatu
695 631 902 704 negligeretur,
924 645 1057 689 caesarem
1072 631 1234 705 hujusmodi
1249 629 1389 692 ecclesia-

213 747 278 800 sten
294 741 492 799 coerciturum.
526 738 631 795 Verum
647 735 754 793 nullam
768 735 799 793 in
813 735 927 794 homino
943 751 1059 794 oausam
1072 735 1201 796 inuenire
1216 742 1389 812 potnerunt.

213 844 268 906 Ast
283 844 352 918 quid
367 842 470 916 aquilis
487 856 550 900 cnm
566 841 668 915 exiguo
684 839 838 899 Musonio?
1137 835 1140 841 '

302 947 505 1026 Batzenlroven
525 961 617 1020 pagus
637 948 681 1002 est
700 943 738 1003 ab
760 943 891 1018 Augusta
912 961 970 1004 uuo
991 951 1043 1004 aut
1065 945 1157 1004 altero
1178 947 1282 1006 miliari
1302 947 1391 1006 dissi·

213 1055 293 1114 dens.
317 1054 374 1113 Ubi
389 1069 452 1111 cum
467 1053 540 1110 bene
556 1055 717 1108 nummatus
740 1049 843 1122 aliquis
862 1050 986 1108 rusticus
1006 1047 1094 1110 filiolo
1109 1067 1161 1111 suo
1176 1051 1292 1127 nuptias
1307 1049 1389 1110 iace-

213 1167 272 1234 ret,
293 1160 331 1219 ab
350 1175 385 1216 eo
406 1165 436 1217 et
456 1157 584 1217 Jcanues
600 1144 709 1213 Gessen'
730 1153 836 1229 hospes
858 1159 957 1214 noster
975 1159 1101 1214 vocatus.
1141 1155 1212 1215 Cum
1226 1161 1324 1232 autem
1342 1157 1391 1233 (ut

213 1265 291 1339 apud
313 1280 363 1324 eos
377 1251 646 1335 Bavares,''quibus
660 1259 828 1318 wilhelmus
849 1259 907 1318 dux
927 1257 1044 1334 praees't)
1068 1276 1174 1334 sponsa
1193 1262 1270 1320 circa
1291 1263 1390 1322 altare

215 1370 368 1428 duceretur
380 1375 418 1427 et
439 1363 614 1426 sacrificulus
636 1364 729 1424 adhuc
748 1365 892 1432 missitans
913 1364 998 1423 altari
1013 1371 1137 1439 astaret,
1162 1366 1225 1438 ipso
1239 1363 1316 1426 fac-to
1333 1385 1388 1442 pa·

214 1476 346 1550 pisticam
360 1471 525 1546 religionem
542 1470 676 1529 deridens
690 1469 796 1543 hospiti
812 1475 911 1528 nostro
926 1475 956 1528 et
970 1470 1034 1527 aliis
1050 1471 1158 1530 civibus
1174 1487 1189 1528 e
1205 1472 1292 1530 calice
1307 1489 1387 1546 prae-

214 1579 288 1637 bibit
302 1568 336 1637 'et
351 1579 466 1636 cosdem
482 1593 517 1635 ex
532 1577 594 1648 ipso
616 1576 704 1634 calice
725 1575 763 1633 ad
780 1575 904 1648 aequales
926 1576 1045 1634 haustus
1064 1576 1163 1634 bibere
1187 1579 1329 1652 permisit,
1355 1583 1390 1636 ut

213 1685 295 1742 testis
311 1688 355 1742 est
369 1683 497 1742 loannes
513 1680 622 1739 Gesssn
638 1685 667 1739 et
681 1681 730 1738 alii
746 1663 908 1753 ¹Augustani
923 1681 998 1738 cives
1012 1676 1173 1754 fidedigni.

303 1787 417 1848 Samuel
432 1787 510 1862 apud
524 1787 665 1846 loannem
681 1786 811 1868 comitem
826 1801 848 1868 a
858 1775 987 1858 Ratberg
1002 1786 1134 1860 coenavit,
1151 1785 1298 1846 nobiscum
1314 1804 1388 1847 varo

214 1895 282 1954 Otto
297 1889 494 1968 argentarius>
1000 1953 1004 1960 ,
1146 1897 1153 1906 ’

303 1999 412 2060 Eadem
435 1997 604 2056 Wilhelmus
628 1995 724 2054 senior
744 1995 877 2069 princeps
896 2011 990 2054 comes
1010 2000 1040 2054 et
1058 1995 1188 2055 dominus
1206 1997 1243 2057 ab
1266 1998 1386 2059 Henne-

214 2106 285 2179 berg
305 2119 474 2178 responsum
495 2103 607 2162 Alberti
629 2100 800 2161 marchionis
823 2099 858 2158 de
873 2099 1064 2175 Braudeburg
1083 2097 1171 2176 supra
1186 2117 1274 2162 cansa
1287 2103 1386 2163 Fran-

213 2207 281 2268 ciici
297 2209 332 2268 de
348 2208 458 2282 Dalwig
473 2207 555 2268 nobis
570 2208 737 2266 transmisit.
1362 2193 1366 2220 '

303 2297 507 2384 lubecenses,
525 2314 717 2372 Treueronses
743 2317 772 2370 et
794 2295 930 2369 nonnulli*
947 2310 996 2372 alii
1026 2311 1178 2385 protestati
1196 2317 1265 2393 sunt
1286 2330 1386 2372 coram

215 2417 335 2477 statibus
350 2417 462 2490 imperii
477 2416 513 2476 de
528 2418 621 2475 nimia
631 2417 778 2476 examione
794 2416 919 2474 casaris.
958 2415 1016 2475 Sed
1036 2417 1104 2489 quia
1124 2415 1226 2476 durum
1246 2418 1304 2477 illis
1320 2435 1388 2478 con·

215 2528 261 2582 tra
275 2521 418 2580 stimulum
434 2522 592 2596 calcitrare,
608 2522 751 2596 repulsam
767 2523 844 2596 passi
859 2525 934 2580 sunt.

272 2651 276 2657 ·
303 2644 321 2684 v
335 2626 415 2685 Junii
430 2627 578 2685 Masculus
594 2644 629 2686 ex
645 2643 706 2700 cap.
722 2628 826 2686 Joann.
847 2628 886 2684 15
907 2627 1038 2700 repetiit:
1066 2627 1264 2702 »Praeceptum
1280 2645 1387 2688 novum

216 2734 253 2792 do
269 2731 358 2805 vobis,
374 2737 407 2790 ut
421 2731 544 2806 diligatis
560 2747 610 2791 uos
625 2733 754 2804 invicem,
771 2734 845 2790 sicut
859 2731 947 2790 dilexi
966 2733 1037 2790 ios«
1056 2737 1110 2790 etc.
1149 2731 1283 2792 indicans
1299 2751 1387 2808 quam

215 2838 283 2898 boui
299 2838 483 2912 praeceptoris
499 2835 592 2897 officio
609 2837 740 2896 Christus
756 2837 886 2895 dominus
901 2835 1132 2912 iunctusfuerit,
1157 2839 1207 2912 qui
1221 2837 1385 2914 nibil'prre-

216 2944 335 3018 ceperit,
351 2943 428 3015 quod
443 2960 500 3002 non
514 2943 590 3002 idem
606 2957 719 3017 quoquc
735 2957 822 3014 opere
836 2942 1010 3016 impleverit,
1037 2947 1066 3001 et
1081 2943 1223 3016 quomodo
1238 2943 1293 3003 hoo
1307 2961 1385 3018 prae-

216 3053 298 3124 cepto
313 3053 428 3109 nostros
444 3048 589 3122 proiectus
605 3055 635 3107 et
648 3053 775 3107 nostram
786 3047 908 3104 salutem
924 3046 1080 3120 quaesierit.
1104 3049 1177 3106 Item
1193 3049 1298 3121 docuit,
1316 3051 1387 3124 quia

216 3155 345 3214 (lhristus
367 3170 419 3212 nos
442 3155 521 3228 prius
544 3155 689 3227 dilexerit,
716 3153 821 3210 nullius
839 3153 885 3211 vel
905 3154 996 3210 nostri
1014 3154 1110 3211 meriti
1130 3131 1180 3212 aut
1198 3154 1266 3213 boni
1288 3155 1387 3228 operis

216 3275 298 3332 orgo,
325 3258 430 3317 sodex
452 3257 531 3320 mera
554 3275 606 3318 sua
626 3263 655 3317 et
678 3259 802 3331 gratuita
822 3257 1019 3317 misericordia
1038 3259 1125 3316 etiam
1149 3263 1302 3332 antequam
1324 3261 1386 3318 nati

216 3379 357 3436 essemus,
379 3379 431 3421 nos
447 3363 562 3437 docere,
578 3370 611 3422 nt
626 3364 805 3423 dilectionem
821 3380 890 3437 erga
905 3377 1002 3422 omncs
1017 3361 1190 3436 habeamus,
1208 3363 1320 3422 etiamsi
1335 3366 1385 3437 qui

217 3483 269 3526 nos
284 3468 330 3526 vel
349 3466 477 3526 luserint
496 3442 545 3527 vel
564 3471 636 3528 nihil
654 3484 780 3542 unquam
801 3470 837 3529 dc
851 3468 934 3528 nobis
949 3468 1022 3528 bene
1044 3469 1139 3526 meriti
1153 3467 1270 3528 fuerint.
1308 3469 1385 3527 Nam

216 3573 478 3632 benemerentibus
501 3573 670 3634 benefacere
694 3559 870 3633 ethnicorum
895 3589 1009 3647 qnoque
1032 3577 1076 3631 est
1090 3578 1119 3636 et
1133 3573 1204 3631 nibil
1220 3572 1306 3650 (toste
1321 3575 1385 3647 ipso

216 3675 344 3753 domino)
359 3680 455 3752 magui
471 3686 523 3739 est.
561 3680 682 3756 Insuper
701 3679 827 3740 ostendit
846 3697 931 3755 quam
950 3679 1034 3738 facile
1053 3695 1120 3737 caro
1135 3660 1235 3738 nostra
1248 3678 1385 3752 superbia

215 3785 356 3844 titilletur.
394 3785 525 3860 Exempli
540 3790 643 3861 gratia.
683 3785 713 3844 Si
728 3787 774 3844 cui
789 3788 880 3859 major
894 3785 985 3844 honos
1007 3784 1140 3858 coudgit,
1162 3784 1265 3857 siquis
1281 3785 1384 3844 ceteris

217 3885 380 3966 opulcntior
401 3873 453 3950 aut
466 3894 535 3956 ¹aliis
555 3893 695 3968 sapientia
715 3896 744 3950 et
766 3889 926 3951 eruditione
946 3893 1082 3965 praestat3
1108 3887 1178 3947 deus
1200 3889 1276 3948 bone
1299 3905 1384 3963 quam

216 3998 301 4056 nauci
318 3994 405 4056 faciat
425 3999 596 4072 proximum,
630 4013 695 4055 cnm
719 4001 815 4056 tamen
840 3993 1066 4056 (lhristus‘dcus
1081 3998 1168 4068 atque
1197 4009 1250 4053 rex
1269 3995 1335 4054 coeli
1355 3999 1385 4053 et

216 4104 302 4162 terrac
317 4101 467 4175 sapientia,
492 4103 593 4176 virtus,
610 4119 689 4161 mens
705 4107 734 4160 et
749 4103 842 4175 imago
858 4115 911 4159 nec
925 4117 983 4160 non
997 4098 1073 4160 filius
1089 4100 1254 4176 unigenitus
1269 4097 1316 4158 dei
1330 4117 1382 4174 pa-

217 4209 281 4282 tris,
297 4223 349 4266 nos
364 4197 475 4266 terreos
489 4209 663 4268 vermiculos
673 4205 804 4270 omnibus
818 4205 894 4264 vitiis
909 4210 939 4263 ct
960 4206 1121 4280 putredine,
1130 4205 1318 4264 scaturientes
1332 4222 1384 4264 sua

203 4313 370 4388 ,dilectione
386 4312 518 4385 dignatus
534 4315 594 4388 sit,
607 4293 679 4372 adeo
702 4319 805 4372 utnon
821 4305 912 4370 solum
926 4327 980 4388 pro
995 4312 1077 4370 nobis
1092 4312 1181 4370 vitam
1195 4325 1317 4385 ponere,
1333 4311 1383 4372 scd

218 4406 460 4493 despectissimam
475 4423 596 4478 mortem
611 4419 703 4477 crucis
718 4419 778 4491 pati
792 4397 925 4490 noluerit.
948 4416 1041 4475 Jussit
1054 4417 1123 4475 item
1138 4420 1171 4473 ut
1184 4419 1214 4473 et
1228 4416 1317 4490 ipsius
1332 4417 1381 4475 do·

217 4524 287 4582 mini
301 4524 431 4596 exemplo
453 4523 477 4580 si
498 4541 555 4597 qua
571 4511 686 4582 dilectio
701 4528 751 4581 aut
764 4520 863 4580 fratris
883 4521 1039 4580 necessitas
1054 4521 1085 4580 id
1100 4521 1240 4596 exigeret,
1257 4523 1382 4596 periculo
