3020 5112
683 417 750 487 288

131 623 190 682 qua
206 611 236 667 st
250 619 301 666 uos
316 605 457 678 nitamur,
478 591 620 678 justitiam
639 601 838 663 mandatorum
858 601 904 663 dci
923 614 986 664 esse
1004 603 1138 665 stabilem
1153 607 1186 666 e't
1198 621 1301 682 perpe·

130 719 221 772 tuam.
260 711 300 770 Et
315 710 355 769 sie
370 708 536 782 erudiamur
550 726 569 768 a
583 707 706 770 domino.
744 707 837 768 Erudi
852 721 914 783 uus,
935 725 952 768 o
968 709 1091 784 domine,
1108 715 1137 768 et
1150 691 1303 784 iniustitia

130 823 183 876 tus
199 820 228 874 et
242 815 330 874 verbo
345 820 396 874 tuo
411 830 463 873 nos
478 829 562 874 serva
575 830 627 888 per
641 815 793 888 ipsummet
807 813 885 885 quod
898 828 952 886 pro
963 813 1048 875 nobis
1058 828 1125 872 coro
1139 811 1245 873 factum
1260 821 1308 874 est

131 921 261 994 verbum,
277 919 421 980 dominum
436 924 565 980 nostrum
579 919 679 978 Jesum
694 918 852 993 christum,
869 917 1105 980 dilectumlilium
1120 924 1208 979 tuum.
1248 921 1304 992 Qui

131 1035 226 1086 tecum
240 1027 311 1085 vivit
325 1029 354 1084 et
367 1029 470 1098 regnat
489 1039 553 1084 oum
568 1028 666 1086 sancto
686 1029 736 1083 tuo
757 1024 860 1097 spiritu
879 1023 950 1084 dous
969 1025 1062 1085 trinus
1083 1029 1113 1084 et
1126 1041 1200 1082 unus
1214 1024 1245 1082 in
1259 1040 1304 1083 se-

131 1133 207 1202 cula.
231 1129 332 1188 Amen.

208 1235 333 1294 'Eodem
356 1221 470 1294 domina
483 1237 575 1306 meter
588 1232 734 1293 nobiscnm
750 1234 809 1308 egit
822 1238 855 1292 ut
868 1233 911 1293 illi
926 1233 1069 1308 supellex,
1092 1250 1155 1306 quse
1170 1233 1254 1293 uxori
1268 1251 1304 1293 ex

132 1347 239 1402 testato
254 1341 384 1414 debatur,
401 1339 440 1398 ad
454 1339 544 1414 ipsius
559 1339 647 1398 vitum
661 1339 880 1412 relinqueretur.
920 1337 1052 1410 Quamvis
1067 1338 1224 1412 perieulum
1239 1338 1304 1406 sub·

133 1463 197 1507 esse
211 1445 374 1519 videretur,
387 1443 596 1504 honestissimae
610 1447 749 1504 metionae
764 1443 795 1502 in
809 1443 864 1502 hoc
877 1443 1088 1502 oonsensimus.-
1149 1465 1152 1471 ·

222 1550 350 1610 loannes
365 1539 648 1622 Georgius'comsec
660 1547 817 1608 Mansfeldt
830 1564 884 1623 per
896 1536 1009 1608 litteras
1024 1551 1054 1606 et
1067 1545 1205 1618 mandute
1218 1546 1305 1605 trion

133 1655 294 1729 principum
306 1651 429 1713 fratrum
450 1653 652 1727 germanorum
672 1653 771 1726 optimi
790 1643 928 1727 principis
942 1652 1063 1712 Joannis
1077 1649 1218 1710 Friderioi
1228 1648 1303 1726 tilio·

134 1777 198 1819 rum
209 1759 308 1832 jussus
324 1761 367 1818 ost
380 1757 501 1818 tutelam
515 1755 639 1817 filiarum
655 1755 690 1816 do
702 1755 919 1830 Schwartzbnrg
933 1757 996 1816 loco
1010 1754 1109 1830 fratris
1123 1756 1169 1813 sui
1180 1753 1306 1829 Philippi

135 1863 264 1926 defuncti
278 1865 432 1937 suscipere.
465 1899 466 1904 κ
535 1861 541 1877 “
1198 1879 1203 1884 ·

223 1963 344 2028 Eadem
355 1967 470 2028 domina
490 1971 584 2026 mater
603 1965 685 2026 nobis
705 1981 817 2026 ornnem
832 1961 1035 2038 supellectilem
1050 1963 1198 2023 librariam
1212 1962 1306 2022 osten·

134 2075 191 2148 dit,
212 2089 279 2148 quse
297 2073 343 2131 vel
363 2063 474 2132 doctori
494 2069 625 2130 sufficere
640 2076 745 2144 posset.
784 2069 843 2130 Sed
857 2067 925 2143 qnid
941 2063 982 2128 de'
997 2067 1172 2141 supellectile
1186 2067 1320 2126 libraria

136 2179 245 2252 dicam,
268 2193 331 2236 cum
346 2175 456 2250 caspar
471 2177 573 2237 sartor
596 2177 654 2236 non
675 2174 931 2250 peuca'rolunino
949 2173 1133 2232 classicorum
1154 2171 1306 2231 authorum

137 2283 174 2342 de
188 2283 275 2342 rebus
288 2279 356 2342 fidei
370 2282 555 2342 manantium
569 2279 691 2355 habeat,
714 2278 786 2340 adeo
806 2295 860 2340 neo
877 2279 993 2338 omnino
1011 2291 1141 2337 omasum
1155 2276 1306 2337 Rudelsta·

137 2387 215 2446 dium
230 2390 282 2446 est.
397 2411 400 2414 ·
761 2383 765 2390 '
1011 2394 1022 2418 <
1079 2397 1081 2406 ’

225 2489 356 2550 Vidimus
379 2491 410 2548 in
437 2488 545 2550 chartis
573 2469 681 2552 affabre
708 2489 827 2564 depictis
843 2487 1015 2550 *nominibus
1046 2487 1133 2546 etiam
1162 2486 1306 2558 asscriptis

137 2610 235 2656 omnes
246 2611 331 2655 areas
346 2599 377 2654 et
389 2595 579 2670 municiones,
599 2611 673 2670 quus
692 2595 796 2654 rustici·
812 2609 892 2654 anno·
907 2593 1013 2652 domini
1031 2593 1161 2652 1524‘et
1178 2591 1261 2650 1525
1274 2591 1307 2649 in

136 2701 263 2770 Francis
277 2700 411 2775 orientali
424 2702 471 2761 vel
485 2687 647 2775 expilarant
660 2701 707 2760 vel
721 2697 957 2773 conflagrarant
1166 2775 1169 2780 Ι

225 2805 353 2880 Apertus
367 2803 414 2864 ilie
427 2818 527 2866 rumor
541 2811 586 2866 est
600 2809 631 2864 et
645 2821 722 2864 nuno
735 2781 881 2879 agricolas
890 2801 1028 2862 tumultus
1043 2801 1128 2860 ciere.

227 2908 255 2968 A
268 2907 386 2970 doctore
400 2909 559 2970 Melchiore
579 2911 616 2970 ab
631 2911 704 2970 Ossa
718 2910 877 2984 accepimns
900 2906 1001 2966 ducem
1014 2906 1185 2966 Maur-isium
1197 2910 1227 2965 et
1240 2897 1307 2964 s'uns

140 3015 263 3074 ditiones
278 3013 403 3090 noudum
417 3015 536 3074 Interim
551 3015 622 3075 iilud
636 3017 708 3075 inire
722 3015 806 3075 velle.
1264 3089 1269 3094 ᾖ

174 3139 185 3200 4
228 3118 255 3178 A
277 3136 360 3204 cenna
380 3119 491 3196 choreae
510 3119 603 3180 duotse
625 3135 679 3196 per
699 3119 808 3180 nobiles
829 3117 936 3178 aulicos
952 3113 1070 3194 Georgii
1083 3113 1220 3198 Ernesti,
1238 3127 1308 3172 rasa

139 3227 203 3300 pice
218 3229 249 3284 et
266 3225 521 3300 crustulisligneis
540 3223 648 3284 referta
666 3228 847 3284 concremata
866 3226 934 3282 sunt
952 3235 1005 3294 pro
1026 3226 1105 3297 more
1120 3219 1306 3289 Francorum,

140 3323 218 3404 quod
238 3345 328 3404 genus
350 3329 523 3388 chorearum-
539 3329 604 3403 plus
624 3317 794 3388 insanisset
815 3327 943 3388 stultitia
966 3339 1053 3398 quam
1073 3321 1180 3398 pisculi
1201 3321 1308 3381 habore

139 3435 283 3496 videturl-
555 3447 556 3454 ¹
599 3430 601 3432 ’
935 3436 937 3442 ’
957 3465 958 3471 1

229 3540 277 3600 xiv
291 3539 361 3614 Julij
381 3557 401 3599 a
414 3537 639 3613 soorudeorgio
654 3538 777 3598 Ernesto
798 3536 937 3599 avunculo
956 3550 1009 3594 suo
1029 3535 1130 3609 matisc
1146 3537 1218 3592 aotae
1232 3537 1307 3604 sunt,

141 3642 218 3722 qnod
232 3663 302 3722 erga
316 3641 407 3720 ipsam
422 3645 491 3706 boni
504 3647 609 3706 tutoris
624 3643 681 3704 fide
694 3658 763 3705 nans
778 3645 824 3704 sit.
862 3640 975 3702 Deinde
989 3639 1142 3714 prandium
1156 3643 1307 3712 sumptum.

141 3753 168 3812 A
182 3751 304 3826 prandio
319 3743 460 3825 Georgius
472 3752 614 3830 Ernestus
629 3751 777 3826 princeps,
797 3765 890 3808 eomes
904 3751 933 3806 et
947 3745 1077 3806 dominus
1092 3743 1307 3817 aHenneberg,

142 3859 241 3918 doctor
255 3855 397 3916 Melcbicr
413 3855 485 3915 Osse
499 3868 557 3914 una
576 3871 640 3914 curn
659 3857 750 3915 uxore
765 3860 794 3914 et
807 3853 921 3913 filiabus
940 3850 978 3911 ad
992 3846 1196 3924 profectionem
1211 3865 1242 3908 se
1256 3865 1307 3925 pa-

141 3967 209 4021 rant
223 3961 415 4021 valedicentes
430 3960 524 4020 sorori
538 3959 702 4020 Ostharinre
716 3965 746 4020 et
758 3958 886 4033 filiabus,
903 3937 1033 4018 Eubulus
1052 3955 1120 4014 vero
1140 3953 1186 4012 bis
1200 3955 1239 4014 ad
1253 3954 1309 4014 duo

142 4064 203 4126 lere
219 4066 340 4126 miliaria
355 4067 489 4129 ducatum
503 4065 638 4139 praestitit
646 4080 684 4124 ‘se
697 4065 754 4123 illis
765 4063 803 4122 ad
813 4061 908 4122 officia
916 4060 1054 4136 offerens,
1070 4075 1105 4118 ao
1119 4059 1194 4119 bona
1208 4065 1310 4120 cuncte

142 4175 276 4246 praeatus
290 4163 509 4230 Rudelstodium
523 4184 654 4228 reuersus
670 4175 723 4227 est.
820 4195 825 4202 ¹
1004 4159 1008 4167 ’

233 4270 410 4336 Conventn‘m
434 4273 613 4356 estendam,
638 4272 707 4346 quid
729 4273 765 4332 de
784 4271 981 4346 obsignatione
1002 4271 1162 4332 litterarum
1181 4270 1263 4331 fieret
1282 4277 1312 4330 et

143 4379 212 4456 quid
226 4381 346 4440 ulterius
361 4381 392 4439 in
405 4379 533 4440 Arnsted
548 4378 689 4454 agendum
703 4377 787 4439 loret.
817 4376 901 4436 Fecit
915 4381 945 4436 et
958 4375 1088 4436 Eubulus
1103 4394 1155 4451 per
1169 4377 1311 4437 Lazarum

144 4487 340 4568 argentarium
357 4483 542 4548 innrnstadt
555 4483 679 4562 sigillum
693 4484 820 4547 inunum
834 4485 888 4543 eto.
909 4481 1018 4558 parari.
1207 4491 1211 4495 '
