3046 5104
776 387 840 454 120
935 385 937 392 ’

222 575 368 634 Romanos
383 573 567 634 concionatus
582 577 634 630 est.
675 571 747 630 lieri
762 569 837 629 enim
851 585 870 627 a
885 567 1095 630 meridieidem
1110 568 1273 643 argumenti
1287 573 1395 628 tracta

221 679 281 738 bat.
305 679 390 751 Legit
403 681 499 736 autem
512 691 590 736 nuno
604 676 741 749 temporis
758 674 793 733 de
808 691 843 734 ιο
857 674 937 734 loco:
956 673 1070 732 Nemini
1085 673 1237 746 quicquam
1253 672 1394 746 debeatis,

221 785 276 844 nisi
291 783 359 856 hoc,
383 789 416 842 nt
430 783 550 841 invicem
566 797 617 842 vos
634 781 774 854 diligatis:
809 777 884 838 Nam
900 780 949 851 qui
965 773 1211 852 diligit‘alterum,
1232 778 1329 852 legem
1343 779 1395 836 im-

224 889 322 964 plerit,
339 886 479 961 siquidem
494 887 560 946 illa:
584 885 651 944 Non
666 883 854 957 adulterabis,
877 899 935 944 non
949 883 1078 956 occides,
1095 889 1154 941 non
1169 881 1323 957 furaberis,
1340 899 1397 942 non

224 992 327 1052 falsum
342 993 535 1051 testimonium
551 989 646 1062 dices,
671 1005 729 1046 non
744 987 927 1061 concupisces
942 992 971 1046 et
986 989 1010 1045 si
1025 983 1102 1061 quod
1117 986 1196 1046 alud
1208 993 1395 1062 preceptum,

223 1099 255 1156 in
269 1099 324 1157 boc
348 1113 478 1155 sermone
499 1095 661 1154 summatim
683 1091 944 1167 comprehenditur.
983 1071 1094 1166 Nempe
1118 1091 1219 1165 diliges
1234 1093 1397 1172 proximum

224 1208 307 1262 tuum
319 1202 393 1260 sicum
408 1206 437 1259 te
452 1202 553 1273 ipsum.
577 1197 700 1258 Dilectio
716 1197 846 1272 proximo
861 1197 968 1254 malum
982 1211 1040 1256 non
1056 1203 1202 1270 operatur,
1220 1176 1397 1257 consumma-

225 1308 266 1366 tio
282 1307 380 1380 itaque
393 1306 467 1378 legis
482 1309 526 1363 est
541 1303 655 1362 dilectio
671 1305 726 1360 eta.
744 1301 807 1359 ‘Pro
823 1300 918 1359 studio
930 1307 1025 1360 autem
1040 1303 1200 1362 inculcandi
1214 1319 1250 1362 ea
1265 1319 1331 1378 qum
1346 1321 1397 1378 per

227 1413 289 1472 dies
304 1412 413 1484 aliquot
434 1408 570 1468 timuerat
591 1421 627 1465 ea
646 1403 736 1464 verba
758 1421 816 1463 non
835 1405 938 1479 attigit.
956 1485 958 1489 Ι
977 1406 1035 1466 Sed
1049 1407 1164 1479 repetiit
1184 1408 1297 1481 singula
1312 1408 1396 1483 hujus

227 1516 338 1589 capitis,
355 1511 513 1572 admonens
525 1511 724 1583 magistratum
738 1505 853 1568 rursum
868 1509 912 1568 sui
927 1507 1014 1571 officii
1030 1513 1059 1568 et
1073 1509 1234 1570 dilectionis
1254 1513 1285 1570 in
1300 1511 1397 1580 subdi-

228 1626 283 1678 tos.
322 1619 394 1676 Item
414 1615 555 1688 subditos,
581 1619 614 1675 ut
628 1614 807 1688 magistratui
827 1615 857 1672 in
876 1613 1020 1694 omnibns,
1044 1619 1154 1689 praeter
1173 1615 1197 1673 si
1211 1616 1280 1688 quid
1295 1627 1397 1674 contra

226 1723 344 1783 verbum
358 1719 414 1779 Dei
428 1725 577 1803 statueret,
593 1719 759 1778 obedientes
774 1734 805 1776 se
817 1722 999 1792 prestarent,
1015 1705 1162 1791 tributum,
1178 1721 1313 1794 vectigal,
1330 1735 1396 1780 con-

226 1828 397 1886 tributiones
417 1825 541 1897 denique
563 1829 593 1883 et
601 1815 702 1886 'omnia
718 1823 907 1896 ejusmodi'ex
921 1823 1062 1882 charitate
1077 1823 1208 1883 offerant.
1227 1817 1320 1884 'Nam
1336 1823 1397 1883 cifi-

227 1929 490 1993 cium·,deiendendi
504 1931 595 1988 bonos
611 1935 640 1988 ιι
648 1928 741 1987 'malm
757 1927 907 1986 coercendi
922 1929 983 1986 sine
998 1929 1107 2002 magnis
1119 1929 1278 2003 sumptibus
1294 1933 1397 2003 exequi

226 2037 335 2110 nequit,
352 2037 393 2094 ait
407 2035 454 2092 hio
469 2035 657 2094 ecclesiastes.
696 2033 769 2090 Itern
783 2033 1002 2106 magistratuum
1015 2048 1153 2092 summum
1169 2039 1199 2092 et
1211 2035 1334 2106 primam
1349 2051 1396 2092 cn-

227 2157 289 2200 ram
304 2155 367 2199 esse
383 2115 496 2212 de'bere,
512 2143 545 2197 nt
560 2137 680 2196 subditis
695 2137 730 2195 de
745 2133 877 2196 fidelibus
892 2137 984 2196 verbi·
994 2137 1131 2196 ministris
1146 2117 1346 2213 provideatur,
1370 2146 1399 2198 et

227 2246 348 2320 popudns
363 2243 400 2302 ab
416 2242 522 2301 eisdem
538 2241 661 2301 fideliter
676 2243 706 2299 in
719 2253 792 2300 bana
807 2240 939 2300 doctrina
953 2241 1130 2302 instituatur.
1169 2242 1242 2300 Item
1256 2245 1290 2300 ιιι
1304 2243 1397 2302 cultus

229 2349 342 2408 divinus
359 2348 464 2419 quibus
476 2347 531 2404 ooli
545 2363 577 2404 se
590 2346 664 2413 uelle
678 2348 780 2406 unicus
793 2345 843 2404 ille
856 2345 947 2419 Deus,
962 2350 1069 2418 praeter
1083 2362 1167 2417 quem
1182 2363 1240 2406 non
1255 2351 1301 2406 est
1315 2348 1397 2421 alius,

230 2469 282 2526 per
297 2450 386 2508 filium
401 2467 483 2508 snum
498 2450 594 2508 docuit
604 2451 688 2524 juxta
712 2453 862 2525 scripturae
877 2453 1046 2526 praescripta
1059 2455 1225 2525 peragatur.
1264 2453 1342 2526 Non,
1358 2455 1399 2512 iu-

230 2555 302 2629 quit,
317 2555 546 2614 caeremonialem
561 2555 641 2612 illum
657 2555 840 2628 papiensem,
861 2556 911 2627 qui
925 2557 1039 2614 nonnisi
1054 2571 1107 2629 pro
1122 2555 1198 2617 ludo,
1205 2557 1309 2630 puerili
1326 2575 1397 2632 pup-

230 2675 332 2733 pcrum
352 2675 431 2718 more
450 2661 553 2733 puppis
575 2659 733 2718 ludentium
757 2657 962 2718 existimandus
984 2664 1036 2719 est.
1075 2657 1264 2732 Magistratus
1287 2680 1399 2736 quoquc

231 2780 349 2838 operam
363 2764 425 2836 det,
448 2769 480 2823 ut
502 2769 531 2824 et
550 2765 612 2836 ipse
634 2765 783 2838 scripturae
798 2779 822 2824 s.
839 2778 896 2826 non
920 2765 996 2823 omni
1012 2781 1048 2822 ex
1062 2771 1145 2838 parte
1159 2765 1278 2850 ignarus
1293 2769 1340 2842 sit,
1364 2785 1400 2827 ne

231 2885 343 2943 semper
366 2869 402 2928 ab
425 2885 477 2928 ore
498 2867 728 2940 detorquentium
748 2868 904 2943 scripturas
920 2875 950 2928 et
963 2871 1056 2929 alieno
1078 2871 1197 2930 cerebro
1211 2872 1340 2944 pendere
1355 2891 1400 2933 co

231 2979 344 3050 gantur.
382 2963 536 3035 Adducens
552 2975 588 3047 de
602 2975 656 3032 hoc
671 2979 844 3049 praeceptum
863 2973 1035 3048 legislatoris
1050 2974 1165 3056 Moseos
1182 2992 1218 3034 ex
1232 2975 1320 3038 Dent.
1337 2996 1398 3052 cap.

237 3085 285 3140 17.
309 3081 381 3139 Haec
394 3084 490 3138 summ
504 3077 565 3137 iere
580 3085 646 3138 sunt
660 3079 758 3138 verba.
783 3079 853 3137 Onm
867 3079 976 3138 sederit
989 3081 1019 3136 in
1039 3079 1111 3137 solio
1125 3081 1208 3153 regni
1223 3081 1276 3154 sui,
1293 3083 1399 3142 descri-

231 3185 283 3243 bat
295 3185 350 3242 sibi
365 3184 512 3257 exemplar
526 3183 612 3256 hujus
626 3183 698 3255 legis
713 3185 743 3241 in
757 3183 830 3266 libro
840 3197 935 3242 coram
948 3182 1145 3242 sacerdotibus
1156 3184 1261 3243 levitici
1276 3189 1400 3261 generis,

233 3289 344 3359 eritque
358 3287 430 3345 illud
445 3299 623 3360 peneseum,
639 3291 672 3344 ut
685 3288 763 3360 legat
777 3289 807 3346 in
823 3305 857 3346 eo
874 3289 982 3346 cunctis
991 3287 1182 3347 diebus-vitae
1204 3307 1288 3364 ιιι,ι
1299 3295 1332 3349 ιιι
1347 3293 1399 3350 sci-

145 3401 148 3406 ·
231 3392 299 3452 licet
314 3391 406 3449 discat
428 3391 529 3448 timere
555 3391 699 3454 dominum
714 3383 807 3450 Deum
828 3406 910 3450 suum
930 3397 959 3450 et
980 3408 1095 3451 servare
1117 3395 1212 3452 omnia
1227 3395 1315 3454 uerba
1330 3397 1400 3470 legis

232 3495 323 3569 hujus
333 3511 367 3553 ac
381 3500 491 3554 statuta
504 3497 570 3567 ista,
587 3501 619 3553 ut
634 3493 720 3553 iaciat
735 3513 779 3568 ea,
797 3502 825 3556 et
840 3513 877 3554 ne
892 3495 1015 3555 extollat
1030 3513 1080 3554 cor
1095 3514 1281 3572 sunmsupra
1296 3497 1400 3560 iratres

232 3616 313 3672 suos,
336 3613 433 3673 'neque
452 3597 570 3658 recedat
591 3607 767 3674 aprracepto
787 3618 840 3662 nec
859 3602 898 3659 ad
912 3600 1057 3658 dexteram
1074 3617 1126 3658 nec
1141 3602 1177 3660 ad
1192 3593 1347 3679 sinistram,
1369 3609 1401 3662 ιιι
1508 3663 1509 3676 ,

232 3709 369 3778 proroget
390 3703 501 3762 diesin
519 3721 608 3778 regno
632 3721 683 3762 suo
706 3706 768 3779 ipse
791 3711 820 3764 et
839 3704 890 3786 filii
914 3706 975 3782 ejus
999 3705 1028 3762 in
1052 3705 1145 3764 medio
1165 3701 1289 3765 Israelis.
1329 3709 1400 3767 Item
1508 3693 1509 3752 3

232 3809 390 3881 exemplum
405 3807 493 3867 Josiae
508 3809 599 3882 regis,
626 3810 674 3882 qui
694 3810 810 3884 reperto
834 3809 909 3869 libro
931 3811 1003 3884 legis
1018 3809 1124 3868 cultum
1139 3805 1195 3868 Dei
1207 3811 1400 3885 redintegrari
1508 3795 1509 3810 ¹

231 3917 410 3992 praeeperat
424 3917 478 3971 eto.
1160 3915 1163 3920 '

320 4016 497 4074 Aconcione
518 4017 585 4075 dum
605 4017 748 4106 loannes,
770 4019 919 4092 Philippus
939 4005 969 4078 ιι
989 4010 1104 4078 Samuel
1123 4015 1248 4076 comites
1263 4018 1359 4078 adhuc
1372 4019 1401 4077 in

233 4119 401 4185 deducenda
415 4121 530 4180 domina
545 4123 836 4208 principe-abessent,
857 4117 987 4180 Eubulus
1003 4127 1033 4181 ιι
1047 4121 1234 4182 wandelinus
1248 4123 1401 4200 comitante

233 4241 282 4284 eos
299 4223 401 4284 Ca'rolo
417 4242 435 4283 a
451 4225 607 4299 Stockeim,
629 4232 746 4301 satrapa,
759 4228 790 4285 in
805 4227 955 4300 Weilburg
974 4233 1003 4284 et
1016 4227 1159 4302 Usingen,
1181 4226 1401 4286 Atrebatensem

233 4329 344 4403 adiere,
369 4331 418 4402 qui
439 4331 500 4388 viso
515 4331 629 4390 Eubulo
653 4331 756 4404 gallico
781 4347 861 4389 more
881 4331 1049 4390 exclamauit
1069 4332 1141 4392 Mon
1160 4332 1294 4404 seigneur
1317 4335 1401 4392 conte

232 4438 298 4509 etc,
313 4433 435 4494 innuens
457 4451 489 4494 se
508 4435 632 4494 crastino
653 4435 766 4495 circiter
788 4439 917 4494 octauam
937 4449 1021 4508 posse
1040 4436 1183 4506 arbitrare
1197 4435 1400 4496 resolutionem
