3054 5110
572 413 708 484 wa

82 594 117 656 de
132 595 321 658 dissensione
335 595 504 660 Joooeorun
520 599 729 673 altercantium,
744 613 812 660 unm
827 596 958 662 dominus
980 601 1011 660 iu
1021 599 1169 676 Bethleem
1184 598 1263 664 daia

81 702 146 778 leae,
167 719 209 764 an
225 704 257 764 iu
271 703 421 778 Bethleem
435 703 573 780 Ephrotoe
589 705 669 764 nasci
684 703 838 766 debuisset.
877 705 961 781 Item,
982 721 1073 780 quare
1087 706 1172 767 Jesus
1187 708 1264 792 Mes·

14 797 19 810 '
81 807 140 866 sias
160 807 338 868 Nazareuus
360 814 478 870 vocatus
498 809 536 870 sit
558 813 588 873 et
606 807 682 869 unde
702 808 765 870 hac
785 811 929 872 sententie
953 811 1111 886 desumpta.
1150 813 1265 874 Scilicet

40 903 44 910 ’
81 911 259 973 Nazarenus
277 911 444 989 uocabitur,
469 931 533 976 cunr
550 916 635 989 juxta
654 913 682 974 d.
704 915 911 990 Hieronymum
933 919 964 978 in
983 911 1173 978 nullis'libris
1194 936 1262 992 pro·

80 1017 240 1090 phetarum
266 1020 440 1094 reperiatur.
481 1017 587 1080 Aiebat
611 1025 707 1080 autem
728 1022 759 1080 in
780 1020 855 1083 libro
873 1021 1007 1084 Judicum
1034 1039 1096 1098 cap.
1118 1024 1168 1094 uri
1181 1010 1261 1084 inve·

80 1123 147 1199 uiri,
164 1139 272 1200 nempe
287 1123 324 1184 de
340 1123 493 1200 Samsoue,
515 1125 565 1198 qui
583 1123 679 1187 iuerat
692 1124 786 1200 figura
806 1127 967 1188 sdratoris.
1003 1127 1080 1188 Nem
1094 1132 1127 1188 ut
1142 1128 1263 1189 Samson

80 1229 182 1302 plures
207 1216 335 1290 moriens
355 1227 499 1290 interiecit
520 1240 607 1304 quam
627 1226 740 1305 vivens,
761 1231 803 1302 sic
817 1231 948 1303 Christus
970 1249 1055 1293 verns
1069 1232 1156 1294 heroa
1171 1239 1263 1294 morta

80 1349 134 1394 sua
148 1331 311 1408 diabolum,
336 1331 480 1395 internum
494 1333 676 1396 otmundum
690 1335 803 1398 devicit.
841 1337 917 1398 Huic
931 1355 1001 1414 ergo
1020 1339 1146 1414 glorioso
1159 1339 1261 1419 trium·

78 1438 210 1514 pistori,
220 1439 271 1513 qui
279 1455 347 1499 suos
355 1456 500 1515 nunquam
509 1440 697 1502 derelicturus
705 1448 760 1518 est,
772 1441 995 1504 summaliducia
1007 1443 1156 1505 adherere
1164 1445 1260 1518 jussit.

80 1543 168 1616 Quod
184 1545 270 1618 nobis
290 1545 421 1606 omnibus
439 1544 514 1606 idem
536 1545 676 1627 benignus
698 1547 843 1626 dominus,
866 1550 995 1610 cuicum
1015 1553 1098 1628 patre
1117 1553 1147 1612 et
1161 1556 1260 1611 sancto

79 1651 189 1724 spiritu
195 1651 235 1730 iu
251 1652 426 1725 sempiterna
440 1651 479 1712 sit
491 1650 593 1726 gloria,
610 1643 706 1715 donet.
729 1651 833 1714 Amen.
894 1640 897 1648 ’

172 1755 279 1816 Statim
296 1771 315 1817 a
329 1758 464 1816 concione
478 1747 711 1830 praedicaminis
726 1760 776 1833 qui
790 1775 881 1834 sacra
896 1759 1012 1834 synaxis
1026 1758 1182 1834 participes
1196 1756 1259 1818 fieri
1318 1774 1321 1778 ·

78 1860 236 1946 volabaut,
261 1863 426 1936 paraenesin
445 1845 707 1924 christianissimam
730 1863 869 1940 adhibuit,
885 1866 1045 1938 praelegens
1060 1867 1260 1938 argumentum

78 1967 264 2027 exemoliosis
283 1963 294 2002 ¹
309 1967 431 2041 publice.
469 1967 580 2028 Jubena
594 1961 839 2046 praec'ipueDeum
854 1973 981 2043 orarent,
997 1973 1030 2028 ιιι
1043 1966 1162 2029 uerbum
1177 1971 1259 2029 suuni

77 2074 164 2135 nobis
182 2071 291 2134 diutins
306 2072 646 2147 impartirediguaretur.
672 2071 856 2134 ceremonia
871 2079 967 2136 autem
981 2073 1027 2132 baa
1041 2071 1103 2133 iera
1118 2073 1149 2132 iu
1158 2071 1257 2146 Augu·

78 2183 167 2241 staua
183 2179 314 2252 ccclesia,
330 2179 380 2240 ubi
394 2179 517 2253 populus
537 2178 576 2238 ad
597 2178 765 2240 sumendam
779 2157 982 2258 eucharistiam
997 2177 1117 2254 moedit,
1127 2175 1257 2236 'servan-

77 2291 136 2345 tur.
163 2284 201 2344 Iu
214 2285 316 2359 templi
330 2286 419 2346 choro
434 2285 580 2344 Minorum
595 2285 687 2344 altare
702 2301 837 2369 magnum
852 2290 909 2362 est,
933 2292 1000 2346 aute
1014 2281 1092 2360 quod
1105 2283 1200 2357 posita
1214 2286 1259 2342 est

76 2405 262 2450 mensa.cum
285 2389 371 2458 altari
385 2388 514 2450 vectibus
528 2389 632 2464 ligneis
647 2389 773 2465 caduca,
796 2371 852 2468 iia,
874 2397 908 2452 ιιι
926 2391 981 2452 soli
1000 2388 1166 2452 sacerdotes
1179 2387 1258 2450 intra

75 2495 156 2556 illud
168 2494 326 2570 spatiolum
341 2499 444 2570 astent,
462 2499 496 2554 ἰι
510 2499 696 2569 posteaquam
710 2494 791 2570 plebs
813 2498 962 2572 utriusque
982 2513 1067 2558 sexus
1087 2495 1188 2558 ordine
1203 2511 1268 2556 suo*
1306 2477 1312 2488 ’

75 2609 138 2664 stat
152 2603 201 2663 vel
215 2601 388 2675 consederit,
404 2601 545 2675 parochus
561 2601 700 2661 nonnulla
717 2602 793 2662 hunc
811 2607 905 2664 actum
928 2601 1130 2663 concernentia
1143 2617 1254 2676 germa-

76 2710 146 2769 nico
162 2706 299 2768 idiomate
313 2707 393 2782 legit,
404 2707 494 2768 verba
507 2708 730 2768 consecrationis
744 2705 894 2781 profereus
909 2712 1015 2766 atmox
1028 2706 1152 2767 ministri
1167 2707 1257 2767 eccle·
1316 2773 1319 2778 ,

76 2815 140 2888 siae,
156 2810 286 2873 iaciead
299 2813 437 2897 populum
450 2829 544 2893 versa,
560 2829 663 2887 panem
678 2817 707 2872 et
722 2813 839 2872 calicem
854 2812 884 2870 in
899 2828 1000 2874 manus
1015 2813 1129 2872 sumunt
1143 2827 1254 2872 recum·

77 2920 185 2980 beutos
201 2918 239 2978 ad
252 2918 394 2978 cancellos
409 2918 518 2992 atrioli,
542 2919 584 2978 ita
603 2923 636 2977 ut
623 2918 688 2978 atd
702 2918 804 2976 laevam
824 2915 924 2976 altaris
939 2914 1064 2977 ιιιιιιιιιιι
1084 2917 1255 2993 accipientes

75 3030 234 3098 utramque
249 3024 373 3097 speciem
388 3003 535 3098 accedant,
544 3024 584 3084 ad
597 3022 727 3090 dcimam
741 3021 795 3082 viri
811 3027 876 3096 ιιι,
893 3037 927 3082 eo
941 3028 1038 3082 tamen
1053 3020 1154 3082 ordino
1169 3028 1255 3110 atque

76 3145 115 3189 ea
130 3129 274 3212 decentia,
289 3145 327 3188 ne
342 3129 387 3188 vel
402 3130 457 3188 virr
449 3129 615 3203 mulieres,
631 3128 677 3188 vel
690 3109 826 3188 mulieres
841 3127 917 3186 viros
937 3127 968 3188 iu
987 3143 1103 3188 accessu
1117 3093 1255 3192 intertui

75 3235 158 3296 bent.
182 3234 322 3324 Liberum
337 3249 449 3308 quoque
473 3239 517 3294 est
530 3235 680 3309 utriusque
695 3250 780 3294 sexus
795 3233 971 3312 homiuibus,
993 3233 1018 3292 si
1040 3233 1104 3308 quis
1118 3235 1254 3311 panemo

75 3341 212 3401 manibus
227 3311 409 3400 sacerdotnm
424 3341 469 3399 vel
484 3341 544 3401 suis
558 3330 683 3416 pro’priis
699 3341 742 3400 ori
758 3355 810 3400 suo
825 3337 977 3404 admovere
991 3319 1068 3414 uelit,
1090 3339 1165 3402 idem
1181 3355 1252 3412 quo·

76 3462 133 3521 que
149 3444 186 3506 de
201 3445 300 3506 calice.
323 3445 400 3504 Dum
415 3445 477 3504 haec
490 3443 573 3520 fiunt,
590 3445 782 3531 ecclesiall'eo
794 3441 1047 3516 laudesdeaantat.
1071 3445 1143 3505 Post
1156 3437 1251 3518 sump·

75 3553 186 3612 tionem
208 3556 454 3612 sacramentorum
474 3566 575 3610 rursus
595 3566 648 3624 per
662 3523 842 3610 sacerdotem
855 3548 889 3610 fit
903 3551 1070 3620 admonitio.
1103 3550 1253 3677 Leguutur

75 3673 180 3731 preces
196 3670 287 3716 sacrae
303 3657 389 3715 etsie
404 3638 524 3719 ecclesia
540 3655 633 3715 dimitt
620 3656 700 3716 titur.
777 3700 779 3704 -
878 3711 881 3719 ,

167 3759 292 3822 Dicebat
279 3766 328 3822 tur.
342 3761 441 3838 eadem
450 3747 747 3821 OttboBerckanicldt
760 3759 921 3820 advenisse.
949 3759 1061 3832 Eadem
1076 3759 1252 3834 major-,pars

75 3865 214 3928 famulitii
227 3869 320 3927 nostri
335 3867 422 3941 regiae
438 3871 467 3926 et
481 3881 614 3926 caesareae
629 3867 722 3924 missac
737 3865 885 3940 spectandi
899 3881 968 3940 ergo
983 3863 1113 3926 adfuere.

167 3971 216 4032 Ad
233 3974 350 4034 tertiam
374 3969 599 4046 pomeridianam
622 3964 660 4030 b.
683 3970 832 4030 Masculus
853 3975 1045 4044 prosequutus
1075 3975 1119 4030 est
1141 3974 1252 4030 textum

75 4077 202 4140 Joannis
216 4077 288 4153 xiiij,
308 4077 418 4137 scilicet
438 4075 500 4136 baec
521 4074 625 4136 verba:
648 4074 753 4134 Pacem
773 4074 904 4149 relinquo
926 4075 1016 4152 robis,
1039 4091 1140 4151 pacem
1158 4091 1252 4136 meam

74 4183 113 4243 do
128 4183 222 4258 vobis,
238 4196 297 4256 nou
313 4184 387 4241 sicut
400 4167 524 4246 muudus
539 4179 598 4256 dat,
615 4195 678 4239 eam
694 4161 731 4240 do
746 4179 827 4240 vobis
842 4185 895 4240 eto.
912 4196 1058 4256 exponens
1073 4181 1127 4255 ait,
1151 4165 1251 4255 pacem

75 4288 187 4350 christi
201 4303 265 4348 esse
280 4302 379 4361 pacem
394 4303 412 4347 a
426 4291 519 4362 patre,
535 4300 636 4360 pacem
651 4301 715 4344 cum
734 4289 817 4374 patre
838 4289 868 4345 et
881 4302 979 4360 pacem
995 4285 1173 4362 quanperit
1186 4300 1251 4344 cum

659 4411 676 4456 ᾖ
723 4415 725 4422 .

150 4517 164 4564 1
185 4467 381 4578 oromologssis
396 4505 513 4576 publica
530 4508 548 4560 i.
568 4522 590 4560 ι.
608 4504 724 4574 publica
741 4496 923 4560 contemtoris.
