3054 5110
692 441 734 506 81

117 633 173 700 est,
190 627 273 700 carim
288 626 392 686 animae
405 625 550 698 propitius
565 623 756 684 sitdominus.
799 623 827 682 A
842 625 940 696 coquis
956 623 1158 701 landtgravium
1181 623 1297 686 Coloni·

119 733 233 790 armum
249 736 280 791 et
294 731 405 791 comitis
420 747 439 789 e
453 731 568 794 Nesseo
584 727 698 788 innebri
712 745 817 803 pompa
831 729 959 803 sepultus
983 736 1034 789 est.
1067 731 1178 790 Eadem
1193 737 1297 792 etuas

119 837 251 909 alii-ipsa
265 837 320 895 hac
335 841 420 894 nocte
436 831 579 894 interfecti
595 839 663 892 sant
677 839 707 892 et
721 835 841 892 Martini
856 835 916 894 caci
932 835 1082 907 sepulchro
1096 837 1230 912 impositi.

209 941 249 1015 xij
266 941 340 1014 Maii
355 942 386 998 in
401 939 655 1014 templo-Mauritii
676 939 704 996 d.
729 938 877 997 Musonius
898 937 934 998 de
954 941 1151 1014 amputatione
1174 941 1240 1000 vitis
1262 957 1298 1000 ex

119 1063 184 1120 cap.
195 1063 233 1105 xv
240 1045 363 1104 ioannis
378 1045 563 1104 concionatus
579 1048 632 1116 est,
648 1043 738 1102 multa
753 1043 790 1102 da
804 1044 933 1102 bonitate
948 1046 1039 1116 patris
1048 1045 1174 1104 coelestis
1189 1044 1296 1120 dicens,

119 1151 171 1223 qni
194 1165 252 1208 non
274 1151 372 1210 statim
393 1149 525 1222 palmites
545 1153 689 1221 amputet,
719 1148 770 1206 scd
790 1147 829 1208 ad
848 1165 939 1208 annos
959 1150 1069 1223 aliquot
1088 1149 1248 1224 poenitendi
1268 1156 1296 1210 et

118 1235 294 1314 emendandi
316 1256 439 1328 spatirnn
460 1253 684 1314 misericorditer
702 1252 840 1314 concedat
855 1259 909 1312 etc.
942 1255 1015 1312 Item
1036 1254 1072 1314 dc
1092 1255 1252 1326 improuida
1267 1263 1297 1314 et

119 1359 265 1433 precipiti
280 1360 490 1433 amputatione,
518 1375 576 1430 qne
590 1358 621 1416 bi
636 1363 764 1431 utuntur,
790 1359 839 1431 qui
854 1374 885 1416 se
900 1358 1028 1418 ecclesia
1043 1357 1251 1432 gubernatores
1267 1365 1297 1418 et

119 1465 218 1536 capita
232 1465 394 1537 gloriantur
414 1468 443 1520 et
461 1462 564 1522 baberi
581 1463 693 1536 volunt,
715 1468 745 1522 et
766 1463 890 1522 maxime
908 1462 980 1520 illud
1000 1462 1137 1536 urgebat:
1157 1463 1306 1534 «Omnem,

119 1569 270 1643 palmitem
284 1565 424 1626 ferentem
438 1564 562 1626 irnotnm
578 1569 608 1626 in
617 1583 692 1642 ma»
710 1572 793 1641 pater
808 1568 952 1641 purgabit,
968 1569 1064 1628 multis
1076 1569 1295 1628 evidentissimis

119 1674 300 1747 argumentis
317 1673 528 1745 demonstrans,
549 1689 634 1750 quarn
653 1687 710 1730 non
731 1673 769 1730 sit
782 1673 856 1732 nllus
871 1674 1035 1734 mortalium
1049 1675 1095 1732 vel
1109 1676 1196 1732 etiam
1211 1690 1294 1733 sano·

116 1781 245 1840 tissimus
263 1777 384 1850 qusque
403 1775 480 1834 omni
499 1779 627 1850 exparte
640 1777 772 1849 mundns,
786 1777 870 1848 jnxta
879 1777 964 1836 illud:
983 1777 1073 1848 «Quis
1082 1783 1178 1850 potest
1187 1778 1293 1851 dicere,
1372 1761 1375 1767 ⁴

6 1961 7 1964 Ἴ
119 1891 233 1944 castum
248 1887 293 1942 est
306 1896 357 1940 oar
370 1879 503 1940 menm‘l»
524 1879 617 1940 obiter
631 1879 684 1941 bos
699 1888 811 1954 taxans,
824 1882 872 1953 qni
888 1887 1002 1940 sanctos
1017 1886 1145 1940 mortuos
1160 1883 1293 1940 invocare

119 1991 319 2064 imaginesque
336 2001 435 2046 eorum
453 1985 547 2044 colere
562 1986 730 2059 docuerunt,
744 1987 903 2046 obticentes
917 1985 995 2058 ipsos
1010 2001 1124 2058 quoqne
1139 1986 1295 2058 aliqnando

120 2100 289 2169 peccatores
304 2091 402 2164 inisse,
419 2091 580 2165 exemplum
594 2089 712 2151 Davidis
728 2091 887 2164 adducens,
915 2091 965 2164 qui
985 2096 1066 2150 extra
1082 2093 1168 2152 vitem
1183 2091 1293 2164 palmes

120 2199 254 2272 peccavit
267 2199 298 2256 in
313 2196 455 2258 adulterio
470 2211 534 2254 aum
549 2196 696 2256 Bethsaba
715 2201 744 2256 et
766 2199 796 2254 in
812 2195 967 2256 occidendo
983 2195 1055 2256 Uria
1073 2213 1127 2269 per
1141 2197 1240 2254 literas
1256 2195 1294 2254 ad

120 2304 198 2364 Joab
213 2309 268 2362 cto.
293 2302 351 2362 Sed
365 2307 448 2374 pater
468 2301 609 2374 benignus
629 2319 693 2362 eum
708 2303 850 2376 purgavit,
873 2307 906 2362 ut
919 2318 1019 2360 rursus
1034 2302 1155 2374 largiter
1169 2299 1293 2360 fructum

118 2410 148 2466 in
162 2409 222 2466 uite
237 2404 337 2466 ferret.
373 2405 518 2464 Interdum
540 2407 646 2466 electos
666 2423 709 2464 ne·
727 2409 757 2464 in
772 2407 855 2466 donis
870 2407 1052 2480 superbirent
1067 2407 1113 2466 vel
1127 2405 1292 2466 recalcitra·

117 2519 193 2587 rent,
211 2515 285 2571 sicut
299 2511 392 2570 Paulo
407 2511 491 2570 datus
507 2518 551 2570 est
566 2512 697 2570 stimulus
713 2512 743 2568 in
759 2527 846 2570 carne
862 2517 892 2570 ct
907 2511 1016 2570 Sathan
1032 2527 1096 2570 enm
1112 2512 1293 2586 colaphisans

117 2623 172 2676 etc.
197 2617 249 2688 nit
264 2631 394 2689 quoqne,
418 2617 492 2676 sicut
511 2615 693 2688 putredinem
707 2618 853 2690 corporis,
878 2617 920 2674 ita
935 2622 965 2674 et
978 2617 1080 2676 ammae
1096 2616 1292 2676 similiter-du·

117 2723 222 2798 plicam
238 2737 318 2794 esse,
344 2737 420 2793 eam,
447 2737 510 2792 quae
532 2722 611 2779 venit
632 2718 709 2780 foras
732 2721 771 2780 ad
791 2737 894 2794 corpus
918 2727 948 2779 et
962 2737 1025 2780 eam
1041 2738 1105 2795 qnae
1121 2739 1157 2780 ex
1172 2737 1293 2795 corpore

118 2828 259 2900 procedit.
298 2825 386 2884 Primi
407 2827 521 2898 generis
543 2832 610 2884 sunt
631 2823 718 2884 foetor
732 2825 777 2884 vel
797 2829 907 2894 stercus
923 2827 1024 2885 calceis
1040 2827 1190 2886 adherens
1205 2833 1234 2884 et
1248 2827 1293 2886 bis

118 2932 233 2990 similia.
259 2930 398 2990 Secundae
414 2929 574 3003 putredinis
594 2933 703 3004 species
718 2935 786 2988 snut
800 2930 930 3004 pituita,
944 2930 1077 3003 sudores,
1102 2932 1294 3004 graviolentia

116 3036 225 3096 balitus
241 3040 270 3094 et
285 3037 309 3094 si
325 3034 394 3106 quid
407 3035 507 3094 talium
523 3035 649 3094 sordium
664 3035 710 3108 sit,
727 3033 857 3107 aquibus
870 3031 940 3092 ioris
956 3036 1066 3094 animus
1082 3034 1291 3106 coinquinetur,

118 3143 211 3213 qualis
226 3145 272 3200 est
290 3143 405 3200 morbus
426 3145 568 3215 apravis-
580 3140 727 3213 colloquiis
748 3144 777 3198 at
796 3139 883 3212 impio
905 3139 1039 3198 sodalitio
1055 3144 1227 3220 contractus,
1244 3140 1293 3198 ab·

117 3247 195 3304 intus
210 3261 281 3303 uero
297 3247 379 3304 melae
396 3249 584 3320 cogitationes
601 3252 630 3304 et
646 3245 827 3304 conscientiae
843 3245 970 3304 maculae.
987 3246 1026 3304 Et
1035 3241 1173 3319 profecto,
1190 3245 1291 3318 inquit,

119 3349 227 3410 diversi
242 3357 310 3410 sunt
324 3351 401 3410 modi
415 3352 557 3425 sordium,
579 3368 645 3410 narn
660 3351 724 3409 aliae
740 3351 803 3408 aliis
819 3357 849 3410 et
863 3349 933 3410 iaris
954 3356 983 3409 et
997 3352 1074 3410 intus
1088 3349 1218 3410 tenacius
1233 3349 1291 3407 hre-

53 3430 68 3444 ’
118 3459 195 3514 rent.
235 3454 309 3514 Nam
326 3457 430 3530 siquis
453 3457 564 3514 calceos
585 3455 786 3529 maculaverit,
807 3456 838 3512 in
854 3455 968 3514 domum
983 3457 1130 3530 optimatis
1145 3454 1293 3528 cujusdam

116 3560 229 3618 intrare
244 3560 343 3618 volens
359 3560 456 3638 (modo
472 3561 609 3620 honestus
624 3560 667 3618 vir
683 3556 733 3632 sit)
756 3560 904 3632 pulverem
927 3563 1077 3632 extergere
1089 3561 1180 3634 jubet.
1218 3558 1292 3616 Alia

116 3681 187 3724 vero
202 3664 304 3724 sordes
320 3665 405 3724 aliam
420 3665 621 3738 purgationem
635 3665 795 3736 1·eqnirnnt.
844 3664 919 3722 Nam
933 3666 963 3722 in
978 3663 1128 3738 putredine
1144 3665 1292 3722 vulnerum

116 3769 150 3830 lit
164 3770 264 3828 sectio.
289 3769 335 3830 Ita
349 3771 470 3844 vinitor,
492 3772 543 3842 qni
557 3771 652 3828 amnia
666 3770 759 3842 novit,
784 3769 871 3828 alium
885 3770 949 3842 hac,
966 3770 1089 3830 alterum
1103 3769 1153 3826 illa
1168 3747 1306 3854 purgare¹

117 3876 201 3934 novit
215 3875 276 3946 via3
293 3875 318 3932 is
335 3875 443 3948 durius,
460 3876 506 3932 bic
521 3875 617 3934 mitius
632 3873 669 3932 ab
685 3889 719 3932 eo
734 3877 886 3945 tractatur,
903 3888 1017 3946 semper
1031 3877 1128 3932 tamur
1142 3855 1173 3930 in
1188 3872 1293 3932 bonum
1335 3891 1338 3897 ¹

117 3981 173 4040 sni.
202 3980 353 4054 Elocuta,
378 3981 434 4053 ait,
456 3979 535 4039 hand
554 3994 619 4036 eum
642 3977 797 4036 christiano
819 3979 933 4036 nomine
948 3959 1065 4050 dignum
1080 3979 1219 4052 duxerim,
1245 3967 1296 4052 qni

117 4086 230 4146 calama
246 4082 413 4158 abstergere
429 4085 524 4157 navit,
549 4089 578 4142 et
592 4099 651 4142 aon
666 4098 762 4142 secum
776 4082 992 4156 recogitaverit,
1014 4083 1037 4140 si
1053 4099 1139 4156 qnam
1153 4084 1293 4142 maculam
1349 4131 1352 4136 .

118 4189 301 4250 conscientie
317 4190 486 4262 accepisset,
503 4193 535 4246 nt
549 4204 612 4246 eam
628 4187 782 4260 aliquando
797 4203 923 4262 purgare
938 4193 1061 4262 satagat.
1087 4188 1227 4260 uPutredo
1242 4204 1294 4246 an·.

116 4299 176 4354 tam
190 4295 242 4354 illa
257 4311 316 4354 nou
330 4295 410 4352 venit
430 4309 467 4352 ex
486 4293 582 4366 stipite
603 4307 657 4350 nco
671 4307 707 4350 ex
728 4291 826 4352 radice
843 4298 892 4350 ant
907 4293 997 4351 nobili
1012 4309 1028 4350 e
1043 4309 1127 4352 succo
1142 4294 1218 4367 vitis,
1242 4292 1294 4370 sed

118 4417 154 4460 ex
170 4399 393 4473 degeneratione
408 4397 565 4470 palmitum.
595 4397 742 4456 Praeterea
756 4397 976 4470 meminerimus,
1001 4400 1025 4456 si
1041 4415 1098 4470 qno
1114 4415 1132 4476 a
1146 4398 1291 4476 benignis

117 4506 189 4569 simo
205 4508 289 4576 patre
308 4518 379 4560 crux
392 4501 482 4568 ¹nabin
504 4503 681 4576 imponatur,
706 4500 735 4560 id
759 4499 823 4560 fieri
837 4502 868 4560 in
882 4503 1084 4576 purgationem
1098 4502 1204 4560 veteris
1219 4499 1293 4578 Adae

162 4630 279 4674 wermere
1061 4609 1078 4664 6
