3020 5112
690 462 758 533 243

134 649 289 728 conJugum
311 651 348 713 de
363 651 581 728 Schwartaburg
595 651 633 711 ad
655 651 734 726 cnjus
749 650 958 726 frontispicium
973 656 1180 731 scriptumest:
1204 659 1305 734 Sepul-

134 764 204 820 tura
219 759 353 820 comitum
368 762 398 818 et
413 755 590 834 dominorum
605 757 635 815 in
651 755 880 833 Schwartaburg.
1015 737 1017 744 ¹
1279 743 1282 746 ¹

225 862 447 937 christophorus
468 864 505 923 ah
519 863 703 936 Entzenberg
723 869 752 922 et
767 843 998 925 Schneidewindt
1018 867 1181 928 licentiatus
1195 871 1308 932 litteras

133 969 267 1044 recipere
282 967 419 1028 nolebant
439 965 474 1028 ιο
496 969 573 1043 quod
592 970 773 1029 amanuensis
794 983 881 1029 mann
900 971 998 1044 lapsus
1022 972 1119 1046 aliqua
1133 981 1263 1035 eraserat
1276 977 1306 1036 in

135 1073 258 1134 eundem
272 1073 366 1134 locmn
381 1073 507 1135 secundo
523 1074 658 1148 scribens,
674 1091 709 1134 ac
721 1073 756 1134 de
766 1076 821 1134 hac
834 1091 867 1134 rc
881 1077 1002 1135 multum
1017 1077 1123 1152 diuque
1138 1079 1307 1144 altercatum

134 1182 212 1240 inter
227 1196 280 1240 nos
295 1185 348 1254 est,
365 1183 394 1240 at
408 1180 569 1254 prasertim
584 1180 662 1254 qnod
675 1181 780 1240 litturae
791 1182 891 1255 sigillis
905 1187 934 1242 ιι
949 1200 1083 1243 manuum
1097 1185 1306 1259 subscriptione

135 1285 243 1346 domiui
257 1283 374 1360 Georgii
389 1285 505 1345 Ernesti
520 1303 538 1345 a
552 1285 736 1366 Hennebcrg,
753 1276 933 1361 sigismundi
944 1305 962 1349 ι
975 1288 1116 1364 Holbach,
1125 1289 1272 1358 ,Eriderici
1288 1307 1306 1350 a

135 1387 345 1466 Wangenbeim
368 1407 402 1450 ac
421 1390 513 1450 nostri
528 1397 557 1451 et
572 1391 673 1450 uxoris
689 1391 882 1453 corroboratae
897 1399 1002 1454 essent.
1036 1395 1166 1456 Tandem
1181 1411 1304 1456 conven-

135 1502 206 1569 tum,
222 1502 255 1556 ut
269 1495 311 1554 illi
326 1497 476 1571 pecuniam
491 1495 574 1555 nobis
589 1503 820 1570 annumerarent,
845 1515 897 1559 nos
919 1501 997 1560 intra
1017 1515 1130 1561 menses
1144 1501 1217 1563 duos
1233 1503 1305 1563 alias

135 1603 247 1662 litteras
263 1601 441 1664 emendatius
457 1599 613 1674 desenptas
628 1600 814 1662 Arnstadium
828 1603 974 1694 missuros.

225 1707 336 1766 Simoni
354 1708 457 1767 erario
479 1707 510 1764 in
524 1698 710 1781 Rudelstedt,
736 1709 785 1781 qni
800 1709 851 1767 ιι·
843 1725 905 1781 (ιιι
920 1725 982 1768 enm
999 1711 1113 1770 domina
1128 1727 1213 1772 socru
1227 1709 1304 1770 Arn-

135 1811 222 1872 stadii
242 1818 319 1888 erat,
343 1811 420 1886 quod
442 1813 555 1872 litteras
579 1812 730 1872 nonnullas
753 1813 835 1872 nobis
858 1813 1065 1889 descripsisset,
1088 1816 1231 1886 thalerum
1254 1815 1304 1874 de·

135 1909 238 1978 dimu's.
291 1969 298 1977 „

226 2021 423 2097 Sigismnndns
438 2023 600 2084 Witaleben
615 2025 706 2099 gratis
721 2025 832 2100 omnia,
857 2041 922 2098 qnae
943 2024 1021 2100 apud
1040 2015 1163 2086 eundem
1176 2027 1303 2101 insump-

124 2145 266 2189 seramus
282 2129 374 2205 dedit,
395 2137 540 2204 praeterea
554 2147 585 2188 se
600 2130 682 2190 nohis
698 2107 844 2189 adelicia
858 2109 974 2204 obtudit,
996 2147 1073 2206 aegre
1088 2132 1248 2206 admittens,
1273 2137 1305 2190 ut

138 2251 174 2295 ιο
190 2236 236 2295 (ιιι
250 2235 328 2294 illino
343 2237 494 2296 abiremns.
518 2235 655 2295 Dedimus
670 2237 753 2296 uxori
769 2235 943 2320 sigismundi
951 2225 1060 2295 'aureos
1076 2237 1148 2297 duos
1163 2243 1192 2297 ιι
1207 2238 1303 2313 singu-

138 2342 173 2400 lis
187 2342 286 2417 puerls
300 2342 391 2416 ipsius
404 2339 545 2402 florenum
559 2357 687 2402 aureum.
711 2341 805 2401 Erant
819 2343 944 2416 quinque
960 2357 1088 2403 numero.

226 2446 330 2520 Sicqne
349 2449 473 2522 receptis
494 2447 692 2521 sesquinovcm
713 2447 837 2507 millibus
852 2448 960 2520 aureis,
985 2465 1106 2521 quorum
1120 2449 1198 2508 mille
1212 2425 1305 2508 hnuae

137 2551 241 2611 Mariae
262 2551 441 2652 debebantur
462 2558 491 2612 et
511 2553 616 2613 ibidem
631 2569 750 2628 quoqne
764 2560 784 2612 ι’
797 2533 881 2613 nobis
900 2553 1057 2628 dabantur,
1079 2543 1137 2614 duo
1151 2555 1241 2613 millia
1256 2554 1306 2614 do

137 2659 215 2717 mina
229 2642 328 2719 socrus
343 2660 469 2734 recepit,
492 2675 560 2718 nam
573 2657 658 2716 haec
650 2675 680 2716 ιιι
695 2660 812 2731 negotio
834 2659 994 2746 citationis,
1018 2659 1213 2734 absolutionis,
1237 2675 1305 2735 pro·

137 2761 268 2824 iectionis
283 2763 459 2839 Augusteum
479 2769 509 2824 ιι
530 2765 627 2824 nescio
647 2763 677 2822 in
699 2779 770 2836 quas
785 2764 917 2853 Plutonis
937 2765 1077 2864 mystas
1068 2781 1198 2838 rmpensa
1212 2770 1304 2824 erant

136 2859 210 2929 Item
231 2869 354 2929 domine
374 2872 469 2930 socrui
489 2869 713 2944 quadringentos
732 2883 786 2943 pro
809 2845 953 2944 sumptu
945 2887 976 2930 m
997 2869 1082 2929 dietis
1097 2874 1127 2930 ιι
1141 2871 1204 2930 aliis
1219 2870 1306 2930 rebus

137 2975 276 3036 dedimus
313 2978 354 3036 Et
367 2993 404 3036 ne
422 2976 475 3035 hos
490 2977 620 3051 recipere
641 2975 780 3034 abnueret
801 2975 875 3033 clam
891 2992 954 3034 eam
968 2977 1118 3049 pecuniam
1133 2976 1232 3034 subter
1246 2975 1308 3050 pal·

136 3082 207 3140 lium
222 3097 257 3141 ea
272 3083 361 3141 inscia
380 3085 410 3141 in
426 3081 556 3141 cubiculo
575 3073 674 3154 ipsius'
684 3081 843 3155 posuimus,
868 3096 921 3140 neo
943 3080 1069 3140 arbitror
1088 3095 1152 3150 eam
1172 3081 1228 3158 nisi
1242 3086 1308 3154 post

137 3187 247 3246 abitum
263 3191 392 3247 nostrum
406 3189 563 3262 reperisse,
580 3191 610 3245 at
611 3202 667 3259 que
681 3186 800 3260 singulis
816 3185 962 3262 dispositis
976 3187 1206 3260 matronisque
1220 3201 1306 3247 uene·

138 3298 205 3352 rant
218 3291 402 3353 Anastasiae'
394 3291 749 3380 inuisere,ualed1ximus
789 3291 874 3352 Sedt
861 3298 922 3352 tum
936 3292 1067 3350 humanit
1054 3295 1115 3350 tate
1130 3298 1159 3350 ιι
1173 3290 1307 3366 precihus

139 3415 238 3458 aarum
253 3399 320 3458 uicti
334 3375 481 3490 paulisper
496 3398 534 3457 ad
549 3403 632 3472 repat
633 3399 661 3456 ia
620 3379 865 3457 tconscdimus
889 3398 929 3457 Et
942 3415 1001 3458 una
1015 3413 1052 3458 ex
1065 3399 1110 3457 his
1124 3395 1306 3469 mulierculis,

139 3505 361 3579 quasquoddam
385 3503 422 3563 ab
444 3521 498 3562 avo
518 3505 615 3562 uxoris
635 3509 701 3563 nost
701 3521 741 3563 rae
762 3503 984 3578 eWastphelia
993 3519 1027 3562 eo
1050 3504 1175 3564 adducta
1194 3508 1259 3561 erat
1279 3506 1309 3559 ιι

138 3610 181 3670 illi
195 3610 341 3669 servivit
332 3627 364 3668 ιιι
384 3608 470 3668 rebus
490 3611 583 3667 nuinus
605 3606 732 3668 honestis
747 3625 822 3667 nnnc
842 3609 881 3668 ad
896 3609 1043 3669 dominum
1058 3624 1197 3666 conversa
1212 3607 1309 3679 agnita

139 3715 281 3788 evangelii
294 3715 417 3774 ιιιιιιιι
429 3713 564 3787 lacrymis
579 3713 705 3788 undique
721 3714 830 3774 obortis
844 3713 988 3772 Eubulum
1008 3712 1112 3770 obnixe
1126 3711 1306 3784 hortabatur,

138 3825 172 3881 ut
186 3835 250 3880 cnm
264 3821 399 3879 uxorein
413 3817 715 3879 comessionecmisti
728 3823 859 3890 perstare
873 3818 967 3876 velim.

229 3923 394 3984 Guntherus
410 3939 504 3984 comes
518 3925 564 3984 vel
579 3925 623 3982 sui
638 3922 814 3996 Anastasius,
838 3937 874 3984 ne
890 3921 982 3980 dicam
997 3921 1098 3994 nostri,
1114 3920 1194 3980 velut
1207 3911 1308 3994 Mega·

140 4031 266 4090 reusium
282 4027 390 4090 nullam
404 4030 549 4088 rationem
565 4006 749 4103 habuerunt,
768 4016 821 4087 nec
842 4025 994 4111 sodalitate
1013 4041 1067 4084 nec
1088 4022 1177 4085 ιιιιιιι
1196 4025 1311 4101 quidem

141 4135 301 4212 dignantes,
324 4135 400 4196 Dum
414 4153 488 4195 uxor
502 4153 520 4195 a
536 4130 650 4195 domina
662 4139 754 4218 matre
763 4132 934 4192 ‘divehenda
948 4136 1032 4204 esset,
1051 4131 1135 4204 juxta
1150 4130 1311 4191 Salomonis

141 4241 325 4317 sententiam,
352 4248 482 4303 extrema
501 4239 599 4328 gaudii
619 4239 713 4327 luctus
727 4245 863 4314 occupat,
887 4253 941 4297 nco
956 4253 1010 4311 epo
1024 4235 1072 4294 hic
1086 4235 1238 4302 admodum
1253 4234 1311 4294 fer·

141 4363 218 4407 rcus.
241 4349 298 4409 Vix
313 4349 389 4408 enim
404 4343 499 4407 socrui
514 4352 543 4406 ιι
557 4345 660 4405 ιιιιιιι
674 4361 734 4418 prae
749 4361 879 4419 maerore,
895 4349 929 4404 ut
943 4341 1072 4416 decebat,
1096 4343 1205 4417 gratias
1226 4355 1314 4414 agera

142 4459 283 4530 potarem.
320 4450 361 4515 At
380 4453 498 4515 taudem
516 4447 652 4524 utrinque
672 4467 725 4510 nos
748 4451 803 4510 deo
824 4451 1039 4510 committentes
1052 4463 1106 4522 ego
1126 4463 1191 4507 cnm
1204 4443 1313 4506 familia

142 4575 206 4622 meu
220 4560 328 4636 primns
340 4549 426 4622 abeo.
449 4559 525 4620 Nam
540 4558 634 4619 socrui
648 4556 753 4620 ibidem
768 4555 863 4618 adhuc
881 4555 1002 4631 negocia
1021 4554 1119 4627 aliqua
1133 4557 1225 4628 erant,
1248 4565 1313 4626 quaa

1027 4659 1066 4717 16
1083 4656 1099 4693 *
