3046 5104
758 417 826 489 'tta
858 449 862 454 ·

208 605 531 674 Doctorbiedebachius
545 603 673 666 medicus
689 609 718 666 et
731 603 840 666 Paulus
854 609 955 665 tonsor
968 609 1000 666 et
1012 602 1212 678 pner'ncbilis,
1229 602 1386 679 quemdem

207 717 326 778 Bramsr
339 715 556 790 cognominant,
581 717 612 772 et
627 711 811 773 Sebastianus
822 725 845 768 a
859 709 1085 771 witzenhausen
1105 708 1198 770 adbuc
1217 725 1282 770 cum
1302 710 1384 784 prin·

210 823 272 898 cipe
287 825 443 882 morantur.
934 863 938 872 ,
1021 861 1024 865 .

202 937 206 944 ·
295 925 418 986 Domine
432 916 511 998 deus,
526 923 568 983 illi
582 922 733 986 commissa
742 936 800 982 ¹sua
811 923 928 982 remita
943 928 973 982 et
987 922 1082 986 libera
1095 936 1160 982 enm
1171 925 1291 997 propior
1308 935 1388 992 eum,-

207 1033 259 1107 qui
279 1047 331 1092 nos
353 1031 492 1105 sanguine
514 1045 567 1089 sno
579 1027 720 1102 ,precioso
742 1025 876 1087 liberavit
897 1026 936 1086 de
954 1026 1087 1102 diabolo,
1117 1011 1222 1087 mundo
1236 1031 1276 1086 et
1297 1041 1386 1086 carne

206 1143 319 1211 nostra,
343 1119 525 1200 conservaet
538 1137 657 1209 protege
672 1133 765 1207 ipsum
780 1133 884 1206 spiritu
891 1137 949 1192 tuo
965 1139 1082 1207 sancto,
1101 1147 1139 1192 ne
1158 1131 1247 1192 tantis
1259 1129 1386 1191 tribula·

207 1229 333 1303 tionibus.
347 1243 442 1303 animo
456 1241 588 1314 labatur,
600 1236 652 1297 sed
666 1233 724 1296 fids
740 1241 852 1296 erectus
864 1237 903 1298 de
919 1239 1042 1298 nominis
1056 1229 1099 1296 toi
1112 1235 1309 1312 magnitudine
1323 1238 1386 1316 glo·

208 1350 279 1412 riari
298 1364 362 1408 cum
380 1347 482 1408 laetitia
504 1331 546 1404 in'
557 1342 836 1431 longaevumpcssit.
867 1343 1015 1404 Memento¹
1033 1348 1062 1408 et
1082 1341 1224 1402 Friderici
1244 1343 1328 1401 serni*
1340 1341 1386 1400 tni

207 1467 242 1514 ac
264 1451 371 1513 Eubuli
389 1453 474 1525 iuxta
495 1457 573 1510 tuam
595 1450 766 1525 ipsissimam
787 1447 957 1520 bonitatem,
981 1449 1024 1507 tui
1047 1448 1123 1506 enini
1144 1453 1294 1508 snmus-et
1315 1463 1386 1508 cres

207 1572 322 1634 pascere
336 1563 404 1630 tuae,
420 1557 481 1616 sive
496 1557 633 1630 vivamus,
649 1555 709 1614 sive
723 1553 887 1612 monemur.
921 1551 945 1611 0
962 1563 1077 1618 musam
1092 1550 1214 1619 defende
1229 1544 1319 1628 tuam,
1334 1557 1387 1612 tna

207 1661 301 1736 gloria
315 1661 424 1734 vincat,
441 1675 499 1719 non
515 1661 588 1720 unns
603 1661 691 1720 instat
706 1658 834 1733 Pharao,
850 1655 1002 1718 facultates
1018 1656 1160 1732 adimunt,
1176 1657 1287 1718 ferrum
1300 1659 1385 1718 mini-

207 1770 307 1828 tentur
323 1771 353 1826 et
367 1764 468 1826 undas.
496 1776 500 1798 t
670 1773 673 1778 ·
832 1844 835 1850 ¹
935 1831 939 1835 ,
1147 1762 1151 1768 ’
1276 1815 1279 1820 .

297 1872 324 1930 A
339 1887 422 1934 coena
437 1871 585 1946 Philippus
605 1869 699 1932 frater*
712 1877 742 1932 et
756 1887 810 1946 ego
828 1869 866 1930 ad
879 1869 979 1931 hortos
999 1871 1058 1930 Viti
1078 1869 1196 1932 witticb
1219 1866 1386 1930 deambula·

82 1991 86 2000 “
207 1976 316 2052 tamus,
333 1994 390 2052 qua
404 1993 509 2054 pompa
524 1977 561 2037 ab
576 1977 713 2038 Hanscne
728 1975 867 2037 Gualterc
886 1977 923 2036 ab
932 1975 1053 2054 Himem
1068 1977 1165 2050 equita
1181 1979 1284 2036 aurato
1299 1974 1388 2046 duces

208 2084 341 2146 Baveriae
356 2089 385 2144 et
399 2081 584 2158 wittenburg
598 2097 654 2142 nec
669 2098 727 2142 non
743 2098 761 2141 a
775 2080 979 2156 Braunsehuig
1001 2089 1037 2154 et⁴
1051 2073 1147 2142 nescio
1167 2085 1239 2156 quot
1257 2081 1386 2156 nemitos,

208 2191 341 2265 barones,
351 2177 612 2266 proceresnecnon
623 2193 653 2248 et
662 2187 789 2249 choreas
799 2187 939 2264 nymphas
948 2185 1386 2248 iniisdemhortisconvirioex-

208 2298 382 2370 sinerentur,
398 2296 497 2354 visuri.
522 2295 644 2354 Reversi
659 2293 727 2353 inde
743 2297 810 2368 post
824 2293 892 2354 solis
908 2309 1040 2354 omasum
1054 2293 1146 2352 amnis
1155 2290 1279 2352 decursu
1287 2291 1387 2352 oculos

209 2395 426 2475 refrigeb'amus.
455 2397 628 2473 Supervenit
646 2399 735 2472 igitur
750 2404 780 2458 et
797 2404 934 2474 cognatus
952 2405 1051 2472 noster
1064 2413 1162 2460 cemes·
1177 2377 1351 2458 wulsinus
1368 2413 1388 2456 a

209 2505 401 2580 witgenstein
413 2504 521 2579 junior,
533 2505 682 2578 inquiens,
699 2505 753 2564 sibi
768 2506 906 2564 nuncium
921 2520 940 2564 a
955 2505 1058 2565 comite
1069 2503 1222 2564 Wilbelmo
1237 2501 1388 2566 ablassau

209 2611 248 2672 ad
262 2621 311 2671 eos
326 2609 449 2684 habere,
473 2602 608 2668 nimirum
622 2613 657 2669 nt
672 2609 727 2670 hoe
741 2611 856 2669 nomine
871 2610 960 2684 ipsius
980 2609 1062 2672 nubis
1083 2609 1205 2684 diceret,
1227 2608 1385 2683 archiepis-

207 2731 311 2790 ccpum
327 2694 640 2788 Oplorniensem'sedulc
656 2715 771 2790 quidem
786 2716 860 2774 sient
874 2721 903 2775 et
922 2717 1044 2791 ipsemet
1063 2716 1094 2774 in
1115 2715 1199 2776 domo
1218 2711 1387 2774 Granders-

209 2821 246 2881 1ae
260 2805 403 2896 uidissem,
420 2821 572 2894 institisse,
593 2837 692 2881 verum
708 2820 927 2882 Atrebatensem
942 2821 1042 2882 eadent
1057 2817 1119 2881 fere
1134 2819 1306 2894 Coloniensi,
1321 2835 1387 2894 qua

209 2925 279 2996 mibi
300 2931 386 2986 antea
407 2924 609 3002 responderet,
635 2926 750 3008 dixisse.
786 2927 867 2986 Hcee
890 2928 991 3002 igitur,
1016 2943 1079 2996 cunr
1100 2919 1180 2986 nulla
1196 2923 1387 3000 melior‘spes

210 3031 365 3107 arrideret,
390 3033 521 3092 comitem
544 3049 562 3092 a
582 3031 698 3104 Nassau
717 3048 770 3108 per
789 3031 865 3092 hune
884 3049 929 3092 me
948 3034 1056 3092 rescire
1075 3026 1224 3094 uoluisse.x
1248 3029 1388 3106 Utrisque

209 3136 298 3211 igitur
305 3137 413 3210 gratias
422 3140 519 3212 agens,
532 3139 669 3212 ,quoniam
683 3137 867 3198 nocteseebat
881 3139 970 3198 semel
983 3143 1070 3214 atque
1083 3139 1188 3198 iterum
1201 3135 1293 3197 libato
1306 3137 1387 3211 prins

210 3242 278 3302 vino
294 3240 477 3314 Wilhelnnum
491 3257 555 3300 cum
570 3242 666 3304 lausia
681 3245 886 3318 inprecatione
901 3245 963 3318 ejus
979 3245 1071 3304 noctis
1086 3237 1255 3317 dimisimus,
1279 3242 1387 3302 dormi·

210 3342 403 3407 tium'euntes
422 3347 592 3407 acdomino
615 3363 713 3408 curam
736 3351 827 3410 nostri
844 3355 1072 3422 ,nostrorumque
1091 3348 1309 3426 committentes.
1349 3347 1389 3408 Et

210 3452 257 3512 hio
277 3456 322 3511 est
341 3452 459 3524 eventus
479 3467 561 3512 vante
582 3456 802 3528 exspectationis
822 3459 852 3514 et
872 3455 973 3515 audone
988 3453 1206 3531 pollicitationis
1227 3451 1388 3529 splendida

199 3557 280 3618 milri
295 3557 399 3618 neceb
414 3557 477 3636 beri
492 3573 544 3618 nec
559 3559 696 3620 ab'hodie
711 3561 833 3636 primum
848 3562 933 3621 notis.
952 3557 961 3594 ¹
988 3560 1044 3642 Qui
1058 3559 1136 3620 solus
1147 3561 1297 3631 conterere
1311 3557 1388 3622 nosti

210 3663 359 3726 brachium
374 3663 577 3738 excelsi,-est0
592 3666 661 3726 milri
676 3665 825 3742 praesidio,
846 3665 898 3727 tibi
910 3665 994 3726 enim
1016 3663 1129 3724 domino
1148 3663 1203 3732 deo
1225 3663 1303 3738 patri
1322 3677 1389 3722 cunr

210 3771 282 3831 Jesu
296 3767 355 3830 filio
370 3775 420 3830 tuo
435 3770 586 3832 benedicto
601 3773 717 3834 domino
732 3777 831 3833 nostro
846 3777 876 3834 st
890 3785 973 3831 sacro
987 3769 1140 3844 pneumate
1154 3769 1246 3834 omnis
1265 3767 1389 3828 debetur

211 3876 317 3948 honos,
329 3879 456 3948 potestas
472 3881 501 3936 et
515 3877 676 3954 imperium.
753 3907 756 3916 ·
1067 3883 1072 3886 ’
1139 3885 1140 3891 ’
1250 3896 1253 3902 ·
1348 3943 1351 3947 ,

301 3978 435 4054 Cogimur
449 3981 538 4056 igitur
553 3985 724 4044 sententiam
738 3980 829 4058 ferre,
854 3997 919 4056 quae
941 3981 1034 4056 qualis
1055 3981 1105 4056 rit,
1128 3979 1191 4054 ille,
1215 3979 1265 4054 qni
1285 3983 1389 4040 cunum

212 4086 364 4161 dijudicat,
383 4087 507 4164 jndioet‚
530 4091 636 4152 nostris
657 4079 773 4166 quidm
792 4087 948 4148 commissis
968 4086 1060 4163 probe
1080 4087 1297 4146 commeruimus
1315 4087 1388 4160 hae,

213 4191 345 4252 dominus
369 4196 466 4252 nutem
488 4192 542 4254 sibi
568 4195 749 4270 beneplacito
772 4200 901 4270 tempore
923 4209 976 4252 nec
997 4193 1152 4254 veritatem
1171 4208 1225 4252 nec·
1249 4191 1389 4254 bonorem

212 4311 295 4380 sunm
316 4297 405 4357 minui
425 4299 513 4372 sinet,
542 4303 796 4376 persemetipsum
817 4300 892 4358 enim
904 4297 1032 4374 jurano
1054 4297 1128 4358 Mihi
1151 4295 1285 4358 dimum
1306 4312 1389 4358 omne

447 4465 458 4478 .
674 4443 677 4450 ·
792 4435 898 4475 *“,

198 4553 201 4560 -
293 4523 478 4574 lnotnsi-
568 4525 600 4542 ’“
677 4528 738 4572 “.
