3054 5110
669 421 711 488 di

95 604 339 679 obequitauimus,
355 603 406 666 ubi
420 602 458 664 ad
472 599 546 677 Lyci
559 603 658 664 littora
671 603 703 664 iu
716 619 806 666 arena
818 621 924 680 pueros
939 621 1080 670 canaram
1095 623 1184 685 equos
1198 609 1275 668 Neo·

95 711 244 787 politanas
271 715 440 770 asturcones
467 715 497 772 et
526 725 615 783 equos
643 709 766 784 celeres,
797 726 868 784 quos
890 719 1008 786 genetos
1031 721 1148 790 vocant,
1179 716 1275 789 girare

95 821 126 875 et
146 815 188 875 ad
211 821 366 888 utrumque
388 814 463 874 latus
483 815 515 874 in
534 814 618 875 orbes
640 820 768 890 vortere,
791 822 823 876 ut
843 818 968 890 peritum
989 823 1033 878 est
1051 820 1200 892 equitandi
1220 819 1275 880 boo

94 937 188 994 genus
209 921 372 994 homiuum,
396 919 528 980 vidimus.
559 919 655 994 Maior
677 925 773 980 autom
792 919 894 980 borum
909 938 976 995 pars
995 924 1156 1000 principum
1175 931 1205 984 et
1225 940 1272 984 co·

93 1027 198 1084 mitum
221 1023 283 1084 filii.
321 1025 361 1085 Et
384 1024 452 1085 dum
479 1027 510 1084 in
530 1025 630 1086 urbam
653 1027 760 1086 reverti
782 1026 924 1100 cupimus,
954 1025 1016 1088 iere
1037 1028 1068 1086 iu
1089 1028 1160 1102 ipsis
1182 1029 1274 1102 portis

93 1129 250 1206 hdolpbus
270 1128 449 1190 coloniensis
469 1129 699 1205 archiepiscopus
719 1147 783 1190 omn
804 1132 948 1205 equitibus
968 1131 1033 1206 plus
1047 1133 1140 1192 miuus
1154 1133 1274 1206 triginta

93 1235 179 1296 nobis
195 1233 229 1293 iit
250 1235 360 1295 obvius.
399 1233 473 1294 Erat
490 1235 522 1294 iu
543 1235 578 1294 iis
599 1235 716 1309 campis,
739 1237 770 1296 in
792 1252 850 1309 quo
870 1239 954 1312 pueri
973 1238 1132 1312 certabant,
1156 1253 1272 1312 auceps,

93 1341 143 1413 qui
159 1339 227 1400 uiso
244 1356 280 1399 ex
294 1341 374 1414 bqno
388 1337 497 1400 affabra
511 1339 623 1414 sculpto
639 1341 759 1400 cassitas
773 1346 976 1416 aucuparetur.

186 1445 287 1520 Nepos
303 1449 333 1504 at
347 1445 366 1504 J
367 1460 474 1505 oannes
488 1441 579 1504 frater
593 1449 693 1504 noster
706 1447 785 1520 apud
799 1445 944 1508 dominum
959 1449 1117 1523 principem
1136 1449 1168 1508 in
1181 1449 1272 1510 bortis

92 1550 246 1626 Herbroti,
270 1567 328 1625 quo
343 1549 549 1610 adlevandum
563 1550 678 1610 taedium
694 1565 725 1610 so
741 1551 843 1612 devehi
858 1551 978 1628 iecerat,
1001 1559 1093 1614 emat.

185 1656 223 1717 D.
241 1657 277 1716 de
293 1655 473 1716 Grandevela
487 1656 518 1714 in
532 1653 641 1716 aedibus
661 1655 830 1730 Hieronymi
849 1657 976 1732 Fuggeri
997 1657 1152 1734 hospitium
1174 1658 1270 1732 babet,

92 1762 158 1837 qui,
182 1761 252 1820 dnm
266 1763 390 1835 viveret,
414 1777 467 1821 sua
481 1766 559 1820 sorte
573 1765 738 1835 contentus,
762 1763 974 1834 negociatioues
990 1763 1084 1823 nullas
1099 1765 1167 1838 egit.

183 1867 325 1950 Fuggeri
350 1867 400 1940 qui
417 1865 505 1926 hodio
525 1870 689 1941 supersunt,
714 1867 875 1942 monopolio
895 1873 1031 1927 exercent
1052 1873 1082 1926 ot
1103 1866 1210 1926 domiui
1228 1866 1271 1926 di·

92 1974 205 2033 tionum
220 1974 331 2048 aliquot
345 1977 420 2046 suut,
444 1971 553 2032 sedicet
565 1972 718 2046 Antonius,
742 1973 822 2046 cujus
837 1971 909 2031 uror
923 1969 1059 2032 defuncta
1074 1977 1126 2045 est,
1143 1971 1270 2030 Joauusa

91 2079 222 2139 lacobus
244 2083 274 2137 et
295 2078 423 2138 ioannes
444 2075 594 2150 Georgius,
617 2079 648 2136 in
667 2077 747 2150 cujus
769 2075 879 2137 aedibus
899 2076 1111 2138 Maximiliauus
1132 2075 1270 2136 archidux

91 2181 200 2242 balnea
214 2198 306 2243 verua
320 2182 471 2243 habiturus
486 2171 599 2242 dicitur.

182 2287 256 2346 Hmc
277 2286 377 2348 eadem
400 2287 462 2348 dies
482 2301 607 2349 mensem
629 2287 794 2361 complevit,
819 2287 936 2361 quoda
959 2287 1125 2348 Waldeooia
1148 2283 1277 2360 proiecti.

94 2409 203 2453 sumus.
1246 2459 1249 2462 ¹

183 2497 296 2560 Eadem
310 2500 340 2558 in
356 2499 497 2559 dominico
515 2498 685 2574 Argustana
705 2503 883 2574 apparantur
902 2498 1029 2572 exequiae
1050 2496 1126 2571 regis
1147 2495 1268 2556 Polono·

91 2621 166 2664 rum.
198 2605 351 2664 Extruitur·
372 2621 408 2664 ex
428 2603 573 2665 asseribus
596 2604 729 2664 abietiuis
750 2604 843 2663 instar
856 2605 931 2663 'teoti
953 2602 1107 2662 acuminati
1127 2601 1269 2676 pulpitum
1335 2590 1339 2599 '

91 2714 123 2770 in
137 2718 248 2771 terram
268 2691 390 2786 uergens
410 2711 497 2771 latius
518 2701 684 2796 coopertum
699 2725 796 2783 panno
810 2709 970 2768 holoserico
984 2708 1077 2782 nigro,
1100 2708 1131 2765 iu
1146 2710 1268 2779 quatuor

91 2817 206 2892 augulis
225 2817 349 2890 iusignia
368 2817 449 2889 regia
467 2814 581 2888 depicta
599 2813 729 2888 babens,
740 2815 778 2874 ab
798 2815 855 2873 imo
870 2827 961 2888 usque
976 2811 1015 2880 ad
1029 2812 1163 2870 uerticem
1177 2811 1268 2870 cereis

90 2922 276 2982 adornatum.
307 2921 362 2980 Hio
382 2925 479 2981 autem
498 2937 550 2980 rex
573 2921 620 2980 die
641 2918 804 2994 paschatos,
829 2919 897 2978 dum
916 2917 953 2976 ab
973 2915 1083 2975 senium
1105 2917 1135 2974 in
1150 2915 1222 2973 sella
1236 2931 1267 2974 sa

90 3027 130 3086 ad
144 3026 285 3100 templum
300 3027 407 3100 gestari
428 3026 526 3101 voluit,
551 3022 645 3086 subito
660 3024 814 3100 apoplexia
827 3023 924 3098 periit,
943 3021 989 3079 oni
1003 3019 1097 3078 Deum
1112 3019 1267 3093 propitium

91 3131 290 3205 deprecamur.
328 3132 423 3206 HuJus
446 3137 549 3192 autem·
564 3130 692 3190 Poloniae
715 3129 791 3203 regis
813 3126 941 3187 marchio
967 3125 1132 3186 Joaohimus
1159 3123 1267 3182 elector

90 3252 182 3312 gener
198 3241 251 3311 est,
274 3239 356 3312 eujus
378 3253 452 3298 uxor
466 3239 528 3311 jam
550 3251 662 3311 quoque
677 3235 816 3310 Augusta
831 3238 883 3294 est.
915 3232 1075 3293 Protractrc
1089 3235 1186 3289 tamen
1200 3231 1268 3288 sunt

89 3345 136 3403 bae
153 3343 283 3418 exequiae
296 3344 327 3403 in
343 3342 417 3402 diem
432 3342 610 3402 dominicam.
644 3337 647 3342 ’
890 3351 893 3358 “

180 3448 258 3508 Ante
273 3463 382 3523 paucos
394 3447 455 3508 dies
470 3449 581 3522 legatus
595 3447 708 3521 hugliae
723 3445 800 3520 regis
815 3445 941 3506 advenit.

180 3553 308 3614 loannes
322 3552 414 3612 frater
428 3551 504 3628 apud
520 3549 848 3624 urcvcrenscnnepos
868 3549 945 3623 apud
966 3548 1166 3609 coloniensem
1180 3559 1266 3621 prau-

88 3673 139 3717 sus
155 3663 209 3718 ost.
239 3658 345 3719 Attulit
359 3657 460 3718 eodem
474 3657 656 3717 amanuensis
670 3657 719 3715 ille
734 3656 871 3730 scriptum
886 3653 1010 3728 aliquod.

180 3762 304 3822 Domine
324 3763 412 3837 Deus,
436 3763 486 3837 qui
507 3761 595 3822 corda
615 3766 645 3820 et
664 3776 750 3820 renes
769 3761 894 3820 omuium
908 3757 1071 3817 mortalium
1086 3756 1201 3830 cognita
1214 3754 1265 3814 ha·

89 3868 151 3942 bes,
174 3873 209 3927 tu
222 3867 310 3928 corda
324 3873 423 3928 nostra
438 3864 560 3942 purifica
574 3871 604 3924 et
617 3865 728 3924 lumbos
750 3869 865 3924 nostros
880 3863 1010 3936 accinge,
1034 3877 1091 3934 quo
1105 3861 1166 3936 pie,
1185 3861 1267 3934 iusta

90 3975 119 4033 e't
141 3973 237 4033 sobrie
257 3975 343 4048 buJus
362 3971 429 4032 uitae
449 3963 621 4032 curriculum
640 3966 780 4044 periinere
799 3969 958 4042 ualeamus,
982 3967 1132 4042 dignique,
1155 3971 1185 4026 te
1205 3966 1263 4025 lar-

88 4078 198 4154 giente,
219 4078 456 4154 promissionibus
471 4075 522 4137 fibi
537 4076 580 4136 tui
594 4074 666 4135 Jcsu
681 4073 788 4134 Christi
807 4069 978 4147 efficiamur,
1002 4087 1055 4148 per
1076 4072 1198 4134 eundem
1213 4072 1264 4132 do·

89 4185 199 4243 minum
213 4189 343 4244 nostrum
358 4189 412 4244 cto.
1243 4254 1248 4264 .

178 4288 221 4362 iiij
241 4288 323 4368 Maii
334 4288 363 4349 d.
385 4286 534 4346 Masculus
555 4290 723 4361 prosecutus
744 4290 788 4344 est
806 4289 918 4345 textum
937 4285 1038 4360 capitis
1064 4285 1104 4342 15
1125 4283 1263 4342 Joauuis:

89 4392 164 4466 Quia
179 4397 263 4468 pater
277 4393 370 4473 major
388 4409 444 4454 mo
456 4396 508 4466 est,
533 4396 563 4450 et
582 4390 695 4464 reliqua
714 4380 863 4462 usquead
882 4387 968 4450 finem
983 4391 1093 4464 capitis.
1131 4389 1205 4462 Etsi,
1220 4389 1263 4446 in·

89 4500 160 4574 quit,
185 4513 293 4576 omncs,
317 4497 367 4572 qui
381 4497 457 4557 buno
469 4497 563 4557 locum
577 4512 613 4556 ex
633 4495 725 4558 doctis
745 4499 776 4554 et
795 4494 925 4570 patribus
944 4494 1039 4557 adbuc
1058 4497 1262 4568 exposuerunt,
