3054 5110
688 381 729 448 31

112 562 181 626 iacit
196 565 335 639 comites,
359 568 389 624 et
402 563 477 624 hauc
492 562 660 639 munuum
675 563 769 622 alicui·
779 563 929 638 impartire
950 570 994 626 est
1013 581 1115 628 munus
1135 566 1289 642 imperato·

112 669 201 745 mum,
220 684 281 732 non
292 669 421 746 ,Sexome'
428 716 435 744 ‚
459 669 546 729 Hcssi
561 685 615 728 nec
629 666 755 728 Palatini
770 665 845 744 (hec
859 669 935 728 enim
950 671 1012 743 ejns
1027 669 1108 732 luere
1122 671 1238 749 verba),
1261 679 1290 733 et

111 774 135 832 si
149 789 198 834 res
215 775 343 850 penitius
349 769 567 864 ‘inspicerentur
575 763 589 849 ,'
608 771 731 848 reperiri
747 773 842 846 potuit
857 775 907 846 qui
921 774 1014 836 Heseo
1029 762 1152 836 diceret:
1177 777 1222 838 Tu
1237 792 1289 838 nos

112 879 141 937 in
155 879 232 938 hanc
248 858 363 940 nassum
379 881 540 954 conjecisti,
564 893 618 940 nec
637 879 691 940 tibi
710 877 832 938 ulterius
851 879 882 938 in
901 879 998 953 ahqno
1018 885 1164 956 tenemur,
1187 883 1239 942 sed
1260 888 1289 942 et

112 981 195 1042 nobis
213 983 253 1043 de
267 971 386 1058 eccepto
400 985 506 1045 damno
523 983 691 1046 satisfacies.
715 965 791 1044 Nam
807 985 937 1045 dominus
952 985 1033 1046 leudi
1048 987 1072 1046 si
1086 987 1195 1048 vasallo
1210 988 1288 1050 dam·

111 1103 177 1147 num
192 1089 355 1164 injunxerit
370 1097 422 1150 aut
435 1096 552 1164 praeter
566 1105 689 1164 acquum
705 1104 770 1148 eum
784 1090 995 1167 molestaverit,
1019 1107 1111 1166 aeque
1130 1091 1217 1152 fendo
1239 1107 1288 1171 ex·

109 1193 207 1253 cidem
223 1199 314 1269 atque
329 1196 454 1278 vasallus
470 1201 634 1284 potestate.
665 1195 730 1256 lloc
744 1198 828 1272 euim,
845 1198 948 1274 inquit,
964 1199 1044 1274 apud
1058 1214 1110 1258 nos
1126 1201 1168 1258 sic
1182 1202 1287 1260 consti·

110 1302 204 1358 tutum
220 1305 268 1360 cst
282 1306 336 1360 etc.
368 1300 470 1360 Fuisse
486 1315 600 1374 quoque
624 1317 655 1359 se
677 1303 760 1362 aunis
781 1301 944 1376 quindecim
963 1305 1096 1365 clientem
1117 1305 1250 1366 comitum
1271 1323 1289 1366 a

110 1401 251 1463 Constein
266 1409 295 1463 et
310 1404 470 1486 wertheim
485 1421 543 1465 non
558 1407 682 1481 negavit.
707 1407 781 1466 Tum
794 1421 860 1482 ego:
875 1408 915 1468 Et
930 1424 982 1469 nos
997 1425 1033 1469 ex
1047 1409 1101 1470 hac
1115 1411 1286 1484 cognatione

110 1524 217 1583 sumus,
235 1525 301 1568 uam
310 1509 460 1571 Michaelis
475 1509 511 1572 de
524 1510 684 1572 wertheim
698 1525 781 1571 soror
795 1513 860 1574 avia
874 1512 944 1573 mihi
957 1512 1020 1574 fuit.
1043 1512 1167 1575 Adhuc
1181 1517 1220 1574 is:
1241 1515 1286 1575 Ec

109 1611 247 1673 libentius
261 1619 329 1674 tuac
345 1597 518 1704 clementiae
527 1616 680 1676 inserviam
695 1618 724 1675 in
740 1617 871 1678 omnihus
884 1633 958 1692 quae
969 1634 1094 1692 possum.
1118 1620 1283 1694 Interroga·

109 1719 200 1777 vimus
215 1719 306 1794 igitur
321 1719 457 1794 quidnam
472 1720 558 1780 hodie
580 1719 644 1780 fieri
664 1739 682 1781 a
701 1723 784 1784 nobis
804 1727 939 1797 oportere
959 1729 1084 1798 putaret.
1113 1725 1283 1800 Respondit,

109 1821 162 1881 hec
173 1823 225 1894 die
241 1825 424 1886 archiducem
441 1824 481 1908 cb
500 1831 643 1908 sumptum
663 1826 850 1901 pharmacum
871 1828 902 1886 in
926 1829 1073 1888 consilium
1094 1846 1152 1890 non
1173 1831 1282 1890 venire.

110 1927 299 1990 lhaetaturos
315 1919 411 1990 autem
426 1929 461 1991 de
476 1931 563 1994 rebus
578 1931 753 2012 gravissimis
768 1933 799 1994 iu
814 1932 932 1994 coneilio
952 1937 981 1991 et
1003 1948 1034 1991 se
1056 1949 1114 1992 una
1133 1949 1197 1993 eum
1217 1934 1283 1995 aliis

109 2047 142 2091 eo
157 2050 221 2094 rem
237 2041 448 2110 promoturum,
472 2041 504 2096 ut
518 2051 605 2096 causa
620 2038 720 2096 caseri
734 2017 891 2111 referatur,
917 2042 1045 2122 tumrnos
1062 2043 1209 2113 oportere·
1221 2054 1281 2098 sue

109 2140 273 2212 majestatis
282 2141 485 2200 resolutionem
495 2146 648 2216 expectare
659 2146 687 2200 et
702 2157 753 2201 nos
768 2140 889 2202 subinde
905 2141 1102 2202 exhiberemus
1118 2129 1283 2217 conspectui

109 2243 273 2304 archidncis
289 2229 460 2320 et'episeopi
473 2246 687 2320 Atrebatensis,
712 2247 822 2306 etiamsi
837 2244 908 2306 nihil
924 2246 1089 2311 diceremus.
1122 2247 1226 2323 sieque
1240 2248 1283 2309 illi

110 2343 222 2422 gratias
238 2339 359 2425 egentes
375 2367 439 2410 eum
453 2351 597 2425 liquimus.

197 2455 234 2513 In
250 2455 351 2514 eodem
367 2456 470 2515 itinere
485 2455 515 2514 in
529 2455 655 2530 hospitio
670 2455 841 2516 marchionis
857 2455 989 2519 electoris
1009 2461 1157 2518 aheneum
1180 2458 1280 2520 Statu

109 2557 164 2617 lum
187 2577 207 2618 a
232 2559 336 2620 Sleben
357 2557 497 2621 Eubulus
511 2562 658 2636 convenit,
682 2561 724 2644 illi
747 2577 891 2634 exponens
914 2561 1058 2634 quodnam
1081 2568 1281 2638 argumentum

106 2665 184 2723 'esset
192 2665 345 2724 literarum
361 2664 478 2725 electori
493 2682 545 2724 suo
560 2665 651 2724 nostri
666 2667 779 2726 nomine
795 2658 1118 2741 oblatarum,ssrogantes
1133 2673 1175 2742 ut,
1192 2668 1217 2728 si
1231 2685 1280 2727 res

109 2782 141 2826 eo
157 2762 344 2844 devenirent}
366 2771 504 2830 electoris
519 2771 670 2830 clementia
684 2772 778 2831 onmia
792 2772 822 2856 in
836 2771 983 2831 meliorem
997 2776 1109 2846 partem
1127 2771 1205 2847 apud
1224 2789 1278 2832 cae·

109 2887 223 2933 saroam
236 2875 416 2958 majestatem
436 2876 623 2952 interpretari
644 2875 714 2934 velit
733 2867 763 2935 et
781 2892 834 2950 pro
855 2875 937 2936 nohis
954 2877 1143 2938 intercedere.
1176 2879 1204 2937 Is
1227 2895 1280 2938 nos

109 2977 273 3038 humaniter
295 2985 326 3039 et
345 2981 457 3062 excepit
477 2986 507 3040 et
526 2980 636 3040 audivit
655 2984 685 3040 et
706 2980 864 3054 principem
886 2995 920 3040 ac
939 2982 1031 3054 ipsum
1049 2982 1119 3040 mihi
1137 2983 1168 3042 in
1186 2984 1231 3042 his
1247 2972 1280 3042 ‘et

109 3083 266 3156 maioribus
280 3101 509 3161 moremgerere
520 3091 638 3160 paratos
654 3089 775 3144 testatus
791 3089 843 3142 est.
879 3084 987 3159 Recepi
1002 3085 1101 3160 eham,
1125 3087 1150 3145 si
1171 3087 1279 3146 elector

108 3188 203 3247 sorori
218 3203 277 3248 sue
292 3181 456 3264 inproprie
471 3206 558 3253 cause
572 3189 732 3250 rescribere
747 3189 846 3266 vellet,
863 3205 908 3250 me
923 3189 1035 3252 litteras
1050 3170 1088 3251 ad
1103 3207 1168 3252 eum
1182 3198 1277 3252 hans-
1360 3259 1363 3266 ,

109 3293 271 3353 missuum.
295 3295 413 3355 Elector
427 3302 523 3358 autem
539 3295 632 3356 adhuc
646 3285 745 3354 somno
759 3293 935 3369 indulgebat.
977 3301 980 3306 “
1257 3283 1260 3292 “

196 3399 308 3460 Eadem
331 3402 505 3460 secretarius
525 3391 659 3460 Hoiensis
681 3398 763 3492 uobis
782 3399 1126 3477 ostendit'argumeutum
1148 3403 1277 3479 epistolae

107 3504 224 3564 macris
239 3505 277 3564 ad
291 3505 550 3566 Monasteriensem
565 3523 651 3581 super
667 3506 861 3584 commissione
874 3506 904 3566 in
917 3507 1188 3568 caueaHoieusium.
1204 3509 1277 3568 Item

109 3609 256 3682 exemplar
264 3611 470 3693 commissionis
479 3627 532 3670 nec
541 3628 599 3672 nou
608 3611 845 3674 consultationem
857 3609 968 3676 Claudii
980 3602 1188 3688 Oandnncula,
1201 3629 1276 3688 quae

107 3710 168 3772 iere
182 3713 247 3788 plns
262 3715 356 3796 minus
372 3697 564 3790 omdreginta
578 3713 696 3776 florenis
711 3721 831 3776 muniat.

195 3816 306 3878 Eadem
322 3819 467 3879 dominum
482 3809 644 3881 Musculum
658 3825 691 3880 ut
705 3820 851 3880 nobiscum
870 3819 1026 3894 pranderet
1044 3822 1141 3895 rogeri
1162 3823 1273 3883 curavi·

107 3937 183 3998 mus,
200 3924 250 4001 qui
263 3939 331 3984 mox
345 3923 382 3983 ad
398 3925 537 3985 decimam
551 3926 660 3986 aderet.
691 3925 779 3998 Eum,
801 3939 858 3998 qua
872 3925 1017 4004 potuiruus
1032 3924 1208 4002 humanitate
1224 3943 1273 3986 ex-

106 4027 255 4101 cipientes
267 4028 303 4088 de
325 4028 413 4088 variis
436 4035 465 4090 et
486 4046 550 4090 cum
570 4046 605 4091 eo
627 4028 807 4092 familiariter
826 4029 958 4090 collocuti
979 4046 1091 4106 sumus,
1113 4047 1149 4090 ex
1169 4045 1226 4105 quo
1246 4037 1276 4092 et

24 4183 25 4192 ,
107 4133 289 4206 cognovimus
304 4133 341 4192 D.
357 4133 499 4198 Bucerum
514 4133 561 4194 die
576 4134 697 4194 Veneris
713 4119 844 4209 proxime
858 4134 957 4211 elapso
972 4136 1140 4196 comitatum
1163 4131 1274 4197 duobus

106 4235 276 4310 tutelheibus
291 4237 401 4311 amicis,
416 4255 474 4298 uno
488 4239 661 4300 marchionis
676 4238 809 4299 electoris
824 4244 855 4298 et
867 4225 959 4313 altero
975 4240 1119 4310 Friderici
1138 4240 1274 4318 Palatini,

107 4343 135 4397 ct
148 4339 227 4400 urbis
242 4336 419 4416 Aug'ustenae
434 4344 531 4416 equite
545 4360 602 4404 unc
621 4343 821 4410 hincehiisse.
860 4341 932 4404 (lum
952 4345 990 4408 ed
1009 4345 1085 4406 diem
1104 4359 1275 4421 parasceuen

105 4441 159 4505 huc
173 4443 327 4508 advenerit
339 4449 426 4509 autea
441 4463 555 4524 quoque
569 4449 600 4511 in
615 4447 739 4526 quodam
752 4465 828 4530 pago
843 4463 895 4526 per
909 4464 1013 4513 novem
1028 4449 1203 4534 septimanae
1224 4447 1273 4510 de·
