<?xml version="1.0" encoding="UTF-8"?>
<!DOCTYPE html PUBLIC "-//W3C//DTD XHTML 1.0 Transitional//EN"
    "http://www.w3.org/TR/xhtml1/DTD/xhtml1-transitional.dtd">
<html xmlns="http://www.w3.org/1999/xhtml" xml:lang="en" lang="en">
 <head>
  <title>
</title>
<meta http-equiv="Content-Type" content="text/html;charset=utf-8" />
  <meta name='ocr-system' content='tesseract 3.04.00' />
  <meta name='ocr-capabilities' content='ocr_page ocr_carea ocr_par ocr_line ocrx_word'/>
</head>
<body>
  <div class='ocr_page' id='page_1' title='image "./desgrafenwolrad02trosgoog_0135.png"; bbox 0 0 3046 5104; ppageno 0'>
   <div class='ocr_carea' id='block_1_1' title="bbox 783 405 847 470">
    <p class='ocr_par' dir='ltr' id='par_1_1' title="bbox 783 405 847 470">
     <span class='ocr_line' id='line_1_1' title="bbox 783 405 847 470; baseline -0.016 -1"><span class='ocrx_word' id='word_1_1' title='bbox 783 405 847 470; x_wconf 76' lang='lat'><strong>124</strong></span> 
     </span>
    </p>
   </div>
   <div class='ocr_carea' id='block_1_2' title="bbox 227 571 1406 1815">
    <p class='ocr_par' dir='ltr' id='par_1_2' title="bbox 227 571 1406 1815">
     <span class='ocr_line' id='line_1_2' title="bbox 227 571 1401 666; baseline -0.003 -16"><span class='ocrx_word' id='word_1_2' title='bbox 227 592 341 666; x_wconf 75' lang='lat' dir='ltr'><strong>iestatis</strong></span> <span class='ocrx_word' id='word_1_3' title='bbox 355 591 386 650; x_wconf 93' lang='lat' dir='ltr'><strong>in</strong></span> <span class='ocrx_word' id='word_1_4' title='bbox 409 591 545 660; x_wconf 83' lang='lat' dir='ltr'>honores,</span> <span class='ocrx_word' id='word_1_5' title='bbox 562 585 686 662; x_wconf 84' lang='lat' dir='ltr'><strong>corpora</strong></span> <span class='ocrx_word' id='word_1_6' title='bbox 708 591 737 645; x_wconf 91' lang='lat' dir='ltr'><strong>et</strong></span> <span class='ocrx_word' id='word_1_7' title='bbox 756 584 907 650; x_wconf 71' lang='lat' dir='ltr'>facultates</span> <span class='ocrx_word' id='word_1_8' title='bbox 922 589 1032 646; x_wconf 88' lang='lat' dir='ltr'><strong>vestras</strong></span> <span class='ocrx_word' id='word_1_9' title='bbox 1045 571 1163 646; x_wconf 83' lang='lat' dir='ltr'><strong>serius¹</strong></span> <span class='ocrx_word' id='word_1_10' title='bbox 1179 586 1249 661; x_wconf 88' lang='lat' dir='ltr'><strong>quid</strong></span> <span class='ocrx_word' id='word_1_11' title='bbox 1268 591 1401 650; x_wconf 88' lang='lat' dir='ltr'><strong>statuere</strong></span> 
     </span>
     <span class='ocr_line' id='line_1_3' title="bbox 230 687 1402 768; baseline -0.002 -16"><span class='ocrx_word' id='word_1_12' title='bbox 230 701 336 768; x_wconf 89' lang='lat' dir='ltr'><strong>posset.</strong></span> <span class='ocrx_word' id='word_1_13' title='bbox 360 693 496 753; x_wconf 82' lang='lat' dir='ltr'><strong>Attamen</strong></span> <span class='ocrx_word' id='word_1_14' title='bbox 510 708 563 750; x_wconf 87' lang='lat' dir='ltr'><strong>sna</strong></span> <span class='ocrx_word' id='word_1_15' title='bbox 578 691 712 764; x_wconf 73' lang='lat' dir='ltr'><strong>maiestas</strong></span> <span class='ocrx_word' id='word_1_16' title='bbox 734 707 769 749; x_wconf 85' lang='lat' dir='ltr'><strong>ex</strong></span> <span class='ocrx_word' id='word_1_17' title='bbox 789 692 887 750; x_wconf 90' lang='lat' dir='ltr'><strong>innata</strong></span> <span class='ocrx_word' id='word_1_18' title='bbox 908 707 960 750; x_wconf 90' lang='lat' dir='ltr'><strong>sua</strong></span> <span class='ocrx_word' id='word_1_19' title='bbox 982 691 1132 751; x_wconf 87' lang='lat' dir='ltr'><strong>clementia</strong></span> <span class='ocrx_word' id='word_1_20' title='bbox 1146 687 1252 750; x_wconf 85' lang='lat' dir='ltr'><strong>mitiori</strong></span> <span class='ocrx_word' id='word_1_21' title='bbox 1267 691 1316 749; x_wconf 84' lang='lat' dir='ltr'><strong>ria</strong></span> <span class='ocrx_word' id='word_1_22' title='bbox 1331 707 1402 751; x_wconf 91' lang='lat' dir='ltr'><strong>con·</strong></span> 
     </span>
     <span class='ocr_line' id='line_1_4' title="bbox 229 777 1401 872; baseline -0.003 -14"><span class='ocrx_word' id='word_1_23' title='bbox 229 805 340 858; x_wconf 79' lang='lat' dir='ltr'><strong>tra=ros</strong></span> <span class='ocrx_word' id='word_1_24' title='bbox 355 777 491 872; x_wconf 78' lang='lat' dir='ltr'><strong>progredi</strong></span> <span class='ocrx_word' id='word_1_25' title='bbox 507 797 623 870; x_wconf 77' lang='lat' dir='ltr'><strong>cogitat.</strong></span> <span class='ocrx_word' id='word_1_26' title='bbox 664 795 721 853; x_wconf 85' lang='lat' dir='ltr'><strong>Sed</strong></span> <span class='ocrx_word' id='word_1_27' title='bbox 736 791 968 869; x_wconf 85' lang='lat' dir='ltr'><strong>discriminatim,</strong></span> <span class='ocrx_word' id='word_1_28' title='bbox 984 797 1092 855; x_wconf 90' lang='lat' dir='ltr'><strong>scilicet</strong></span> <span class='ocrx_word' id='word_1_29' title='bbox 1104 800 1137 854; x_wconf 90' lang='lat' dir='ltr'><strong>ut</strong></span> <span class='ocrx_word' id='word_1_30' title='bbox 1151 795 1182 853; x_wconf 93' lang='lat' dir='ltr'><strong>hi</strong></span> <span class='ocrx_word' id='word_1_31' title='bbox 1197 785 1255 854; x_wconf 84' lang='lat' dir='ltr'><strong>(luo</strong></span> <span class='ocrx_word' id='word_1_32' title='bbox 1265 795 1401 868; x_wconf 88' lang='lat' dir='ltr'><strong>juniores</strong></span> 
     </span>
     <span class='ocr_line' id='line_1_5' title="bbox 230 900 1402 986; baseline -0.006 -23"><span class='ocrx_word' id='word_1_33' title='bbox 230 905 346 963; x_wconf 82' lang='lat' dir='ltr'><strong>comites</strong></span> <span class='ocrx_word' id='word_1_34' title='bbox 362 903 512 977; x_wconf 86' lang='lat' dir='ltr'>Philippus</span> <span class='ocrx_word' id='word_1_35' title='bbox 528 907 557 962; x_wconf 88' lang='lat' dir='ltr'><strong>et</strong></span> <span class='ocrx_word' id='word_1_36' title='bbox 571 901 699 960; x_wconf 89' lang='lat' dir='ltr'><strong>Joannes</strong></span> <span class='ocrx_word' id='word_1_37' title='bbox 714 902 868 974; x_wconf 72' lang='lat' dir='ltr'>actionem,</span> <span class='ocrx_word' id='word_1_38' title='bbox 890 915 974 972; x_wconf 90' lang='lat' dir='ltr'><strong>quarn</strong></span> <span class='ocrx_word' id='word_1_39' title='bbox 989 905 1081 986; x_wconf 86' lang='lat' dir='ltr'><strong>mater</strong></span> <span class='ocrx_word' id='word_1_40' title='bbox 1095 901 1222 973; x_wconf 92' lang='lat' dir='ltr'><strong>ipsorum</strong></span> <span class='ocrx_word' id='word_1_41' title='bbox 1236 901 1267 958; x_wconf 90' lang='lat' dir='ltr'><strong>iu</strong></span> <span class='ocrx_word' id='word_1_42' title='bbox 1282 900 1402 958; x_wconf 87' lang='lat' dir='ltr'><strong>eaesaris</strong></span> 
     </span>
     <span class='ocr_line' id='line_1_6' title="bbox 229 1005 1401 1084; baseline -0.004 -16"><span class='ocrx_word' id='word_1_43' title='bbox 229 1012 406 1084; x_wconf 86' lang='lat' dir='ltr'><strong>majestatem</strong></span> <span class='ocrx_word' id='word_1_44' title='bbox 428 1020 466 1066; x_wconf 83' lang='lat' dir='ltr'><strong>ex</strong></span> <span class='ocrx_word' id='word_1_45' title='bbox 483 1006 651 1081; x_wconf 88' lang='lat' dir='ltr'><strong>quibusdam</strong></span> <span class='ocrx_word' id='word_1_46' title='bbox 669 1005 803 1080; x_wconf 78' lang='lat' dir='ltr'><strong>pollicitis</strong></span> <span class='ocrx_word' id='word_1_47' title='bbox 823 1005 931 1064; x_wconf 87' lang='lat' dir='ltr'><strong>habere</strong></span> <span class='ocrx_word' id='word_1_48' title='bbox 955 1021 986 1062; x_wconf 90' lang='lat' dir='ltr'><strong>se</strong></span> <span class='ocrx_word' id='word_1_49' title='bbox 1001 1009 1141 1079; x_wconf 80' lang='lat' dir='ltr'><strong>autumat,</strong></span> <span class='ocrx_word' id='word_1_50' title='bbox 1157 1005 1323 1078; x_wconf 73' lang='lat' dir='ltr'><strong>remittant,</strong></span> <span class='ocrx_word' id='word_1_51' title='bbox 1338 1021 1401 1063; x_wconf 88' lang='lat' dir='ltr'><strong>ma·</strong></span> 
     </span>
     <span class='ocr_line' id='line_1_7' title="bbox 229 1099 1401 1183; baseline -0.004 -10"><span class='ocrx_word' id='word_1_52' title='bbox 229 1116 304 1173; x_wconf 85' lang='lat' dir='ltr'><strong>xime</strong></span> <span class='ocrx_word' id='word_1_53' title='bbox 326 1130 390 1172; x_wconf 93' lang='lat' dir='ltr'><strong>cum</strong></span> <span class='ocrx_word' id='word_1_54' title='bbox 412 1127 539 1170; x_wconf 76' lang='lat' dir='ltr'><strong>casarea</strong></span> <span class='ocrx_word' id='word_1_55' title='bbox 561 1111 696 1183; x_wconf 87' lang='lat' dir='ltr'><strong>majestas</strong></span> <span class='ocrx_word' id='word_1_56' title='bbox 712 1099 782 1168; x_wconf 87' lang='lat' dir='ltr'><strong>nihil</strong></span> <span class='ocrx_word' id='word_1_57' title='bbox 804 1109 867 1168; x_wconf 87' lang='lat' dir='ltr'><strong>sibi.</strong></span> <span class='ocrx_word' id='word_1_58' title='bbox 880 1108 915 1168; x_wconf 91' lang='lat' dir='ltr'><strong>de</strong></span> <span class='ocrx_word' id='word_1_59' title='bbox 930 1109 983 1166; x_wconf 88' lang='lat' dir='ltr'><strong>hoc</strong></span> <span class='ocrx_word' id='word_1_60' title='bbox 1002 1110 1117 1168; x_wconf 63' lang='lat' dir='ltr'><strong>‘muscia</strong></span> <span class='ocrx_word' id='word_1_61' title='bbox 1139 1109 1185 1183; x_wconf 88' lang='lat' dir='ltr'><strong>sit,</strong></span> <span class='ocrx_word' id='word_1_62' title='bbox 1202 1109 1257 1167; x_wconf 92' lang='lat' dir='ltr'><strong>nisi</strong></span> <span class='ocrx_word' id='word_1_63' title='bbox 1271 1107 1347 1168; x_wconf 81' lang='lat' dir='ltr'><strong>forte</strong></span> <span class='ocrx_word' id='word_1_64' title='bbox 1363 1109 1401 1168; x_wconf 90' lang='lat' dir='ltr'><strong>de</strong></span> 
     </span>
     <span class='ocr_line' id='line_1_8' title="bbox 230 1210 1401 1294; baseline -0.005 -16"><span class='ocrx_word' id='word_1_65' title='bbox 230 1217 412 1294; x_wconf 77' lang='lat' dir='ltr'><strong>generalibus</strong></span> <span class='ocrx_word' id='word_1_66' title='bbox 427 1216 574 1291; x_wconf 86' lang='lat' dir='ltr'><strong>promissis</strong></span> <span class='ocrx_word' id='word_1_67' title='bbox 590 1213 665 1291; x_wconf 72' lang='lat' dir='ltr'><strong>(hac</strong></span> <span class='ocrx_word' id='word_1_68' title='bbox 680 1215 755 1273; x_wconf 89' lang='lat' dir='ltr'><strong>euim</strong></span> <span class='ocrx_word' id='word_1_69' title='bbox 769 1215 911 1287; x_wconf 89' lang='lat' dir='ltr'><strong>ipsissima</strong></span> <span class='ocrx_word' id='word_1_70' title='bbox 929 1213 1018 1286; x_wconf 90' lang='lat' dir='ltr'><strong>ipsius</strong></span> <span class='ocrx_word' id='word_1_71' title='bbox 1034 1213 1112 1272; x_wconf 87' lang='lat' dir='ltr'><strong>Seldi</strong></span> <span class='ocrx_word' id='word_1_72' title='bbox 1134 1219 1218 1272; x_wconf 87' lang='lat' dir='ltr'><strong>eraut</strong></span> <span class='ocrx_word' id='word_1_73' title='bbox 1232 1210 1344 1288; x_wconf 88' lang='lat' dir='ltr'><strong>rerba),</strong></span> <span class='ocrx_word' id='word_1_74' title='bbox 1361 1214 1401 1272; x_wconf 88' lang='lat' dir='ltr'><strong>ad</strong></span> 
     </span>
     <span class='ocr_line' id='line_1_9' title="bbox 229 1304 1402 1393; baseline -0.004 -12"><span class='ocrx_word' id='word_1_75' title='bbox 229 1323 293 1382; x_wconf 82' lang='lat' dir='ltr'><strong>baec</strong></span> <span class='ocrx_word' id='word_1_76' title='bbox 311 1328 344 1381; x_wconf 91' lang='lat' dir='ltr'><strong>ut</strong></span> <span class='ocrx_word' id='word_1_77' title='bbox 359 1321 467 1381; x_wconf 83' lang='lat' dir='ltr'><strong>Caesari</strong></span> <span class='ocrx_word' id='word_1_78' title='bbox 482 1321 607 1393; x_wconf 92' lang='lat' dir='ltr'><strong>quinque</strong></span> <span class='ocrx_word' id='word_1_79' title='bbox 620 1320 699 1378; x_wconf 89' lang='lat' dir='ltr'><strong>mille</strong></span> <span class='ocrx_word' id='word_1_80' title='bbox 713 1304 1023 1392; x_wconf 59' lang='lat' dir='ltr'><strong>florenos‘numeretis,</strong></span> <span class='ocrx_word' id='word_1_81' title='bbox 1045 1333 1095 1376; x_wconf 87' lang='lat' dir='ltr'><strong>vos</strong></span> <span class='ocrx_word' id='word_1_82' title='bbox 1116 1333 1193 1392; x_wconf 84' lang='lat' dir='ltr'><strong>roro,</strong></span> <span class='ocrx_word' id='word_1_83' title='bbox 1209 1317 1332 1393; x_wconf 85' lang='lat' dir='ltr'><strong>Eubule,</strong></span> <span class='ocrx_word' id='word_1_84' title='bbox 1350 1319 1402 1392; x_wconf 90' lang='lat' dir='ltr'><strong>qui</strong></span> 
     </span>
     <span class='ocr_line' id='line_1_10' title="bbox 230 1421 1399 1498; baseline -0.004 -11"><span class='ocrx_word' id='word_1_85' title='bbox 230 1435 297 1487; x_wconf 88' lang='lat' dir='ltr'><strong>ante</strong></span> <span class='ocrx_word' id='word_1_86' title='bbox 313 1433 343 1486; x_wconf 91' lang='lat' dir='ltr'><strong>et</strong></span> <span class='ocrx_word' id='word_1_87' title='bbox 357 1426 409 1484; x_wconf 89' lang='lat' dir='ltr'><strong>sub</strong></span> <span class='ocrx_word' id='word_1_88' title='bbox 424 1424 597 1489; x_wconf 85' lang='lat' dir='ltr'><strong>bochellum</strong></span> <span class='ocrx_word' id='word_1_89' title='bbox 611 1423 666 1482; x_wconf 94' lang='lat' dir='ltr'><strong>hoc</strong></span> <span class='ocrx_word' id='word_1_90' title='bbox 680 1439 741 1498; x_wconf 73' lang='lat' dir='ltr'><strong>praa</strong></span> <span class='ocrx_word' id='word_1_91' title='bbox 756 1424 858 1483; x_wconf 88' lang='lat' dir='ltr'><strong>ceteris</strong></span> <span class='ocrx_word' id='word_1_92' title='bbox 874 1421 1023 1482; x_wconf 82' lang='lat' dir='ltr'><strong>comitibus</strong></span> <span class='ocrx_word' id='word_1_93' title='bbox 1039 1427 1069 1481; x_wconf 88' lang='lat' dir='ltr'><strong>et</strong></span> <span class='ocrx_word' id='word_1_94' title='bbox 1083 1439 1171 1496; x_wconf 88' lang='lat' dir='ltr'><strong>opera</strong></span> <span class='ocrx_word' id='word_1_95' title='bbox 1187 1429 1217 1482; x_wconf 90' lang='lat' dir='ltr'><strong>et</strong></span> <span class='ocrx_word' id='word_1_96' title='bbox 1231 1423 1327 1482; x_wconf 84' lang='lat' dir='ltr'><strong>verbis</strong></span> <span class='ocrx_word' id='word_1_97' title='bbox 1342 1439 1399 1482; x_wconf 84' lang='lat' dir='ltr'><strong>cae·</strong></span> 
     </span>
     <span class='ocr_line' id='line_1_11' title="bbox 231 1510 1406 1614; baseline -0.003 -24"><span class='ocrx_word' id='word_1_98' title='bbox 231 1547 321 1592; x_wconf 86' lang='lat' dir='ltr'><strong>sareae</strong></span> <span class='ocrx_word' id='word_1_99' title='bbox 343 1530 486 1602; x_wconf 86' lang='lat' dir='ltr'><strong>majestati</strong></span> <span class='ocrx_word' id='word_1_100' title='bbox 507 1544 558 1587; x_wconf 90' lang='lat' dir='ltr'><strong>vos</strong></span> <span class='ocrx_word' id='word_1_101' title='bbox 582 1510 966 1614; x_wconf 72' lang='lat' dir='ltr'><strong>infestioremostendistis,</strong></span> <span class='ocrx_word' id='word_1_102' title='bbox 988 1529 1089 1587; x_wconf 85' lang='lat' dir='ltr'><strong>caesari</strong></span> <span class='ocrx_word' id='word_1_103' title='bbox 1111 1528 1216 1588; x_wconf 88' lang='lat' dir='ltr'><strong>dabitis</strong></span> <span class='ocrx_word' id='word_1_104' title='bbox 1230 1531 1294 1588; x_wconf 90' lang='lat' dir='ltr'><strong>octo</strong></span> <span class='ocrx_word' id='word_1_105' title='bbox 1310 1529 1406 1612; x_wconf 85' lang='lat' dir='ltr'><strong>millia</strong></span> 
     </span>
     <span class='ocr_line' id='line_1_12' title="bbox 230 1633 1402 1708; baseline -0.003 -13"><span class='ocrx_word' id='word_1_106' title='bbox 230 1636 418 1708; x_wconf 86' lang='lat' dir='ltr'><strong>florenorum,</strong></span> <span class='ocrx_word' id='word_1_107' title='bbox 439 1634 532 1694; x_wconf 87' lang='lat' dir='ltr'><strong>autsi</strong></span> <span class='ocrx_word' id='word_1_108' title='bbox 555 1633 703 1706; x_wconf 85' lang='lat' dir='ltr'><strong>marultls,</strong></span> <span class='ocrx_word' id='word_1_109' title='bbox 730 1646 857 1696; x_wconf 71' lang='lat' dir='ltr'><strong>eaesare&#39;a</strong></span> <span class='ocrx_word' id='word_1_110' title='bbox 879 1633 1013 1704; x_wconf 69' lang='lat' dir='ltr'><strong>maiestas</strong></span> <span class='ocrx_word' id='word_1_111' title='bbox 1030 1633 1096 1706; x_wconf 88' lang='lat' dir='ltr'><strong>jure</strong></span> <span class='ocrx_word' id='word_1_112' title='bbox 1115 1633 1261 1699; x_wconf 85' lang='lat' dir='ltr'><strong>vobiscum</strong></span> <span class='ocrx_word' id='word_1_113' title='bbox 1282 1637 1351 1707; x_wconf 81' lang='lat' dir='ltr'><strong>agot</strong></span> <span class='ocrx_word' id='word_1_114' title='bbox 1372 1638 1402 1692; x_wconf 89' lang='lat' dir='ltr'><strong>et</strong></span> 
     </span>
     <span class='ocr_line' id='line_1_13' title="bbox 231 1717 1401 1815; baseline -0.002 -17"><span class='ocrx_word' id='word_1_115' title='bbox 231 1717 381 1815; x_wconf 82' lang='lat' dir='ltr'><strong>processus</strong></span> <span class='ocrx_word' id='word_1_116' title='bbox 405 1743 505 1796; x_wconf 88' lang='lat' dir='ltr'><strong>contra</strong></span> <span class='ocrx_word' id='word_1_117' title='bbox 524 1753 574 1795; x_wconf 90' lang='lat' dir='ltr'><strong>ros</strong></span> <span class='ocrx_word' id='word_1_118' title='bbox 589 1737 730 1796; x_wconf 87' lang='lat' dir='ltr'><strong>instituat.</strong></span> <span class='ocrx_word' id='word_1_119' title='bbox 766 1717 915 1796; x_wconf 79' lang='lat' dir='ltr'><strong>Praeteree</strong></span> <span class='ocrx_word' id='word_1_120' title='bbox 933 1753 1031 1796; x_wconf 88' lang='lat' dir='ltr'><strong>omnes</strong></span> <span class='ocrx_word' id='word_1_121' title='bbox 1051 1731 1173 1798; x_wconf 75' lang='lat' dir='ltr'><strong>comites&#39;</strong></span> <span class='ocrx_word' id='word_1_122' title='bbox 1190 1755 1248 1798; x_wconf 90' lang='lat' dir='ltr'><strong>una</strong></span> <span class='ocrx_word' id='word_1_123' title='bbox 1262 1737 1401 1796; x_wconf 85' lang='lat' dir='ltr'><strong>articulos</strong></span> 
     </span>
    </p>
   </div>
   <div class='ocr_carea' id='block_1_3' title="bbox 231 1841 1402 2544">
    <p class='ocr_par' dir='ltr' id='par_1_3' title="bbox 231 1841 1402 2544">
     <span class='ocr_line' id='line_1_14' title="bbox 231 1841 1402 1918; baseline -0.002 -15"><span class='ocrx_word' id='word_1_124' title='bbox 231 1861 290 1918; x_wconf 89' lang='lat' dir='ltr'><strong>cos,</strong></span> <span class='ocrx_word' id='word_1_125' title='bbox 312 1845 382 1916; x_wconf 84' lang='lat' dir='ltr'><strong>quos</strong></span> <span class='ocrx_word' id='word_1_126' title='bbox 404 1842 661 1903; x_wconf 84' lang='lat' dir='ltr'><strong>reverendissimus</strong></span> <span class='ocrx_word' id='word_1_127' title='bbox 678 1842 808 1900; x_wconf 86' lang='lat' dir='ltr'><strong>dominus</strong></span> <span class='ocrx_word' id='word_1_128' title='bbox 830 1847 908 1902; x_wconf 88' lang='lat' dir='ltr'><strong>meus</strong></span> <span class='ocrx_word' id='word_1_129' title='bbox 922 1841 1120 1901; x_wconf 85' lang='lat' dir='ltr'><strong>Atrebatensis</strong></span> <span class='ocrx_word' id='word_1_130' title='bbox 1137 1843 1251 1901; x_wconf 89' lang='lat' dir='ltr'><strong>nomine</strong></span> <span class='ocrx_word' id='word_1_131' title='bbox 1266 1858 1402 1901; x_wconf 79' lang='lat' dir='ltr'><strong>casareae</strong></span> 
     </span>
     <span class='ocr_line' id='line_1_15' title="bbox 231 1927 1400 2022; baseline -0.002 -15"><span class='ocrx_word' id='word_1_132' title='bbox 231 1948 387 2021; x_wconf 84' lang='lat' dir='ltr'><strong>majestatis</strong></span> <span class='ocrx_word' id='word_1_133' title='bbox 408 1947 488 2006; x_wconf 90' lang='lat' dir='ltr'><strong>vobis</strong></span> <span class='ocrx_word' id='word_1_134' title='bbox 510 1949 690 2020; x_wconf 84' lang='lat' dir='ltr'><strong>expositurus</strong></span> <span class='ocrx_word' id='word_1_135' title='bbox 711 1951 769 2019; x_wconf 87' lang='lat' dir='ltr'><strong>est,</strong></span> <span class='ocrx_word' id='word_1_136' title='bbox 791 1951 821 2005; x_wconf 92' lang='lat' dir='ltr'><strong>et</strong></span> <span class='ocrx_word' id='word_1_137' title='bbox 840 1947 998 2020; x_wconf 88' lang='lat' dir='ltr'><strong>suscipietis</strong></span> <span class='ocrx_word' id='word_1_138' title='bbox 1020 1953 1049 2006; x_wconf 89' lang='lat' dir='ltr'><strong>et</strong></span> <span class='ocrx_word' id='word_1_139' title='bbox 1064 1962 1099 2004; x_wconf 91' lang='lat' dir='ltr'><strong>ea</strong></span> <span class='ocrx_word' id='word_1_140' title='bbox 1117 1927 1400 2022; x_wconf 75' lang='lat' dir='ltr'><strong>servare&#39;pollicebi-</strong></span> 
     </span>
     <span class='ocr_line' id='line_1_16' title="bbox 231 2033 1401 2138; baseline -0.001 -27"><span class='ocrx_word' id='word_1_141' title='bbox 231 2054 309 2112; x_wconf 89' lang='lat' dir='ltr'><strong>mini.</strong></span> <span class='ocrx_word' id='word_1_142' title='bbox 348 2051 422 2110; x_wconf 93' lang='lat' dir='ltr'><strong>Dum</strong></span> <span class='ocrx_word' id='word_1_143' title='bbox 438 2055 533 2138; x_wconf 80' lang='lat' dir='ltr'><strong>autem</strong></span> <span class='ocrx_word' id='word_1_144' title='bbox 549 2057 689 2110; x_wconf 87' lang='lat' dir='ltr'><strong>staremus</strong></span> <span class='ocrx_word' id='word_1_145' title='bbox 704 2052 806 2109; x_wconf 87' lang='lat' dir='ltr'><strong>aninris</strong></span> <span class='ocrx_word' id='word_1_146' title='bbox 822 2033 1005 2126; x_wconf 79' lang='lat' dir='ltr'><strong>consternati,</strong></span> <span class='ocrx_word' id='word_1_147' title='bbox 1027 2051 1225 2138; x_wconf 83' lang='lat' dir='ltr'><strong>Atrebatensis</strong></span> <span class='ocrx_word' id='word_1_148' title='bbox 1241 2067 1298 2110; x_wconf 89' lang='lat' dir='ltr'><strong>non</strong></span> <span class='ocrx_word' id='word_1_149' title='bbox 1312 2069 1401 2126; x_wconf 77' lang='lat' dir='ltr'><strong>roga·</strong></span> 
     </span>
     <span class='ocr_line' id='line_1_17' title="bbox 231 2139 1402 2230; baseline 0 -14"><span class='ocrx_word' id='word_1_150' title='bbox 231 2145 277 2216; x_wconf 82' lang='lat' dir='ltr'><strong>tus</strong></span> <span class='ocrx_word' id='word_1_151' title='bbox 293 2155 528 2216; x_wconf 78' lang='lat' dir='ltr'><strong>deliberationem</strong></span> <span class='ocrx_word' id='word_1_152' title='bbox 543 2155 626 2214; x_wconf 89' lang='lat' dir='ltr'><strong>nobis</strong></span> <span class='ocrx_word' id='word_1_153' title='bbox 638 2139 671 2213; x_wconf 50' lang='lat' dir='ltr'><strong>&#39;in</strong></span> <span class='ocrx_word' id='word_1_154' title='bbox 687 2157 840 2214; x_wconf 88' lang='lat' dir='ltr'><strong>crastinam</strong></span> <span class='ocrx_word' id='word_1_155' title='bbox 856 2157 1021 2230; x_wconf 88' lang='lat' dir='ltr'><strong>permissam</strong></span> <span class='ocrx_word' id='word_1_156' title='bbox 1037 2157 1073 2214; x_wconf 92' lang='lat' dir='ltr'><strong>iri</strong></span> <span class='ocrx_word' id='word_1_157' title='bbox 1088 2157 1137 2215; x_wconf 90' lang='lat' dir='ltr'><strong>ait.</strong></span> <span class='ocrx_word' id='word_1_158' title='bbox 1176 2155 1356 2216; x_wconf 86' lang='lat' dir='ltr'><strong>Causabatur</strong></span> <span class='ocrx_word' id='word_1_159' title='bbox 1373 2163 1402 2216; x_wconf 90' lang='lat' dir='ltr'><strong>et</strong></span> 
     </span>
     <span class='ocr_line' id='line_1_18' title="bbox 232 2259 1400 2334; baseline 0.001 -14"><span class='ocrx_word' id='word_1_160' title='bbox 232 2261 268 2320; x_wconf 89' lang='lat' dir='ltr'><strong>de</strong></span> <span class='ocrx_word' id='word_1_161' title='bbox 282 2261 407 2320; x_wconf 90' lang='lat' dir='ltr'><strong>motione</strong></span> <span class='ocrx_word' id='word_1_162' title='bbox 421 2275 566 2319; x_wconf 88' lang='lat' dir='ltr'><strong>armorum</strong></span> <span class='ocrx_word' id='word_1_163' title='bbox 580 2261 610 2317; x_wconf 90' lang='lat' dir='ltr'><strong>in</strong></span> <span class='ocrx_word' id='word_1_164' title='bbox 621 2259 826 2334; x_wconf 76' lang='lat' dir='ltr'><strong>coloniensem,</strong></span> <span class='ocrx_word' id='word_1_165' title='bbox 843 2277 901 2332; x_wconf 90' lang='lat' dir='ltr'><strong>qua</strong></span> <span class='ocrx_word' id='word_1_166' title='bbox 914 2259 960 2318; x_wconf 87' lang='lat' dir='ltr'><strong>vel</strong></span> <span class='ocrx_word' id='word_1_167' title='bbox 972 2265 1064 2320; x_wconf 90' lang='lat' dir='ltr'><strong>totum</strong></span> <span class='ocrx_word' id='word_1_168' title='bbox 1079 2260 1229 2333; x_wconf 89' lang='lat' dir='ltr'><strong>imperium</strong></span> <span class='ocrx_word' id='word_1_169' title='bbox 1243 2261 1281 2320; x_wconf 79' lang='lat' dir='ltr'><strong>ad</strong></span> <span class='ocrx_word' id='word_1_170' title='bbox 1295 2262 1400 2320; x_wconf 91' lang='lat' dir='ltr'><strong>tumul·</strong></span> 
     </span>
     <span class='ocr_line' id='line_1_19' title="bbox 232 2353 1401 2438; baseline 0.001 -15"><span class='ocrx_word' id='word_1_171' title='bbox 232 2370 279 2424; x_wconf 88' lang='lat' dir='ltr'><strong>tus</strong></span> <span class='ocrx_word' id='word_1_172' title='bbox 294 2365 413 2424; x_wconf 84' lang='lat' dir='ltr'><strong>excitari</strong></span> <span class='ocrx_word' id='word_1_173' title='bbox 428 2365 576 2437; x_wconf 88' lang='lat' dir='ltr'><strong>potuisset.</strong></span> <span class='ocrx_word' id='word_1_174' title='bbox 614 2365 653 2422; x_wconf 88' lang='lat' dir='ltr'><strong>Et</strong></span> <span class='ocrx_word' id='word_1_175' title='bbox 672 2379 735 2422; x_wconf 89' lang='lat' dir='ltr'><strong>cnm</strong></span> <span class='ocrx_word' id='word_1_176' title='bbox 750 2355 879 2423; x_wconf 87' lang='lat' dir='ltr'><strong>Eubulus</strong></span> <span class='ocrx_word' id='word_1_177' title='bbox 904 2353 981 2437; x_wconf 83' lang='lat' dir='ltr'><strong>apud</strong></span> <span class='ocrx_word' id='word_1_178' title='bbox 995 2363 1214 2424; x_wconf 67' lang='lat' dir='ltr'><strong>attrebatensem</strong></span> <span class='ocrx_word' id='word_1_179' title='bbox 1229 2370 1401 2438; x_wconf 90' lang='lat' dir='ltr'><strong>quereretur</strong></span> 
     </span>
     <span class='ocr_line' id='line_1_20' title="bbox 233 2447 1400 2544; baseline 0 -16"><span class='ocrx_word' id='word_1_180' title='bbox 233 2467 407 2544; x_wconf 90' lang='lat' dir='ltr'><strong>impossibile</strong></span> <span class='ocrx_word' id='word_1_181' title='bbox 422 2465 493 2541; x_wconf 89' lang='lat' dir='ltr'><strong>iore,</strong></span> <span class='ocrx_word' id='word_1_182' title='bbox 510 2475 543 2527; x_wconf 90' lang='lat' dir='ltr'><strong>ut</strong></span> <span class='ocrx_word' id='word_1_183' title='bbox 558 2483 620 2527; x_wconf 89' lang='lat' dir='ltr'><strong>eam</strong></span> <span class='ocrx_word' id='word_1_184' title='bbox 636 2461 773 2529; x_wconf 88' lang='lat' dir='ltr'><strong>summam</strong></span> <span class='ocrx_word' id='word_1_185' title='bbox 789 2485 825 2528; x_wconf 85' lang='lat' dir='ltr'><strong>ex</strong></span> <span class='ocrx_word' id='word_1_186' title='bbox 839 2470 898 2527; x_wconf 90' lang='lat' dir='ltr'><strong>suis</strong></span> <span class='ocrx_word' id='word_1_187' title='bbox 913 2467 1096 2528; x_wconf 84' lang='lat' dir='ltr'><strong>facultatibus</strong></span> <span class='ocrx_word' id='word_1_188' title='bbox 1111 2471 1157 2528; x_wconf 84' lang='lat' dir='ltr'><strong>vel</strong></span> <span class='ocrx_word' id='word_1_189' title='bbox 1169 2487 1187 2528; x_wconf 89' lang='lat' dir='ltr'><strong>a</strong></span> <span class='ocrx_word' id='word_1_190' title='bbox 1201 2469 1322 2529; x_wconf 85' lang='lat' dir='ltr'><strong>subditis</strong></span> <span class='ocrx_word' id='word_1_191' title='bbox 1340 2447 1400 2529; x_wconf 86' lang='lat' dir='ltr'><strong>cor·</strong></span> 
     </span>
    </p>
   </div>
   <div class='ocr_carea' id='block_1_4' title="bbox 147 2573 1404 4507">
    <p class='ocr_par' dir='ltr' id='par_1_4' title="bbox 233 2573 1402 2858">
     <span class='ocr_line' id='line_1_21' title="bbox 233 2573 1400 2648; baseline -0.001 -14"><span class='ocrx_word' id='word_1_192' title='bbox 233 2574 337 2634; x_wconf 88' lang='lat' dir='ltr'><strong>radere</strong></span> <span class='ocrx_word' id='word_1_193' title='bbox 352 2573 455 2648; x_wconf 90' lang='lat' dir='ltr'><strong>possit,</strong></span> <span class='ocrx_word' id='word_1_194' title='bbox 478 2573 692 2645; x_wconf 87' lang='lat' dir='ltr'><strong>obtestatusque</strong></span> <span class='ocrx_word' id='word_1_195' title='bbox 708 2577 873 2647; x_wconf 89' lang='lat' dir='ltr'><strong>persancte,</strong></span> <span class='ocrx_word' id='word_1_196' title='bbox 897 2589 927 2631; x_wconf 90' lang='lat' dir='ltr'><strong>se</strong></span> <span class='ocrx_word' id='word_1_197' title='bbox 947 2575 984 2633; x_wconf 87' lang='lat' dir='ltr'><strong>ab</strong></span> <span class='ocrx_word' id='word_1_198' title='bbox 1007 2573 1154 2633; x_wconf 86' lang='lat' dir='ltr'><strong>intentatis</strong></span> <span class='ocrx_word' id='word_1_199' title='bbox 1169 2573 1216 2632; x_wconf 89' lang='lat' dir='ltr'><strong>vel</strong></span> <span class='ocrx_word' id='word_1_200' title='bbox 1229 2575 1312 2633; x_wconf 88' lang='lat' dir='ltr'><strong>hoste</strong></span> <span class='ocrx_word' id='word_1_201' title='bbox 1327 2577 1400 2633; x_wconf 88' lang='lat' dir='ltr'><strong>teste</strong></span> 
     </span>
     <span class='ocr_line' id='line_1_22' title="bbox 233 2677 1401 2751; baseline -0.002 -13"><span class='ocrx_word' id='word_1_202' title='bbox 233 2679 344 2738; x_wconf 90' lang='lat' dir='ltr'><strong>absolui</strong></span> <span class='ocrx_word' id='word_1_203' title='bbox 359 2693 457 2751; x_wconf 89' lang='lat' dir='ltr'><strong>posse,</strong></span> <span class='ocrx_word' id='word_1_204' title='bbox 480 2677 570 2735; x_wconf 90' lang='lat' dir='ltr'><strong>multa</strong></span> <span class='ocrx_word' id='word_1_205' title='bbox 584 2678 689 2750; x_wconf 87' lang='lat' dir='ltr'><strong>praesul</strong></span> <span class='ocrx_word' id='word_1_206' title='bbox 704 2677 840 2750; x_wconf 91' lang='lat' dir='ltr'><strong>objiciens</strong></span> <span class='ocrx_word' id='word_1_207' title='bbox 855 2678 908 2751; x_wconf 87' lang='lat' dir='ltr'><strong>ait,</strong></span> <span class='ocrx_word' id='word_1_208' title='bbox 939 2679 1009 2736; x_wconf 92' lang='lat' dir='ltr'><strong>mihi</strong></span> <span class='ocrx_word' id='word_1_209' title='bbox 1023 2695 1041 2737; x_wconf 88' lang='lat' dir='ltr'><strong>a</strong></span> <span class='ocrx_word' id='word_1_210' title='bbox 1057 2677 1171 2738; x_wconf 81' lang='lat' dir='ltr'><strong>Caesare</strong></span> <span class='ocrx_word' id='word_1_211' title='bbox 1186 2677 1401 2751; x_wconf 85' lang='lat' dir='ltr'><strong>quatuordecim</strong></span> 
     </span>
     <span class='ocr_line' id='line_1_23' title="bbox 233 2761 1402 2858; baseline 0.001 -16"><span class='ocrx_word' id='word_1_212' title='bbox 233 2783 321 2842; x_wconf 88' lang='lat' dir='ltr'><strong>millia</strong></span> <span class='ocrx_word' id='word_1_213' title='bbox 336 2761 392 2858; x_wconf 70' lang='lat' dir='ltr'><strong>ipsi</strong></span> <span class='ocrx_word' id='word_1_214' title='bbox 407 2780 584 2840; x_wconf 87' lang='lat' dir='ltr'><strong>numeranda</strong></span> <span class='ocrx_word' id='word_1_215' title='bbox 606 2783 739 2856; x_wconf 88' lang='lat' dir='ltr'><strong>imposita</strong></span> <span class='ocrx_word' id='word_1_216' title='bbox 762 2798 840 2856; x_wconf 86' lang='lat' dir='ltr'><strong>esse,</strong></span> <span class='ocrx_word' id='word_1_217' title='bbox 862 2782 973 2841; x_wconf 86' lang='lat' dir='ltr'><strong>sedvel</strong></span> <span class='ocrx_word' id='word_1_218' title='bbox 995 2783 1082 2842; x_wconf 88' lang='lat' dir='ltr'><strong>solius</strong></span> <span class='ocrx_word' id='word_1_219' title='bbox 1097 2780 1296 2843; x_wconf 64' lang='lat' dir='ltr'><strong>attrebatensis</strong></span> <span class='ocrx_word' id='word_1_220' title='bbox 1312 2801 1402 2858; x_wconf 89' lang='lat' dir='ltr'><strong>opera</strong></span> 
     </span>
    </p>

    <p class='ocr_par' dir='ltr' id='par_1_5' title="bbox 147 2870 1402 3485">
     <span class='ocr_line' id='line_1_24' title="bbox 235 2870 1402 2964; baseline 0 -15"><span class='ocrx_word' id='word_1_221' title='bbox 235 2905 268 2949; x_wconf 92' lang='lat' dir='ltr'><strong>eo</strong></span> <span class='ocrx_word' id='word_1_222' title='bbox 285 2889 523 2961; x_wconf 81' lang='lat' dir='ltr'><strong>deventum-esse,</strong></span> <span class='ocrx_word' id='word_1_223' title='bbox 540 2892 572 2946; x_wconf 92' lang='lat' dir='ltr'><strong>ut</strong></span> <span class='ocrx_word' id='word_1_224' title='bbox 587 2893 651 2960; x_wconf 78' lang='lat' dir='ltr'><strong>octo</strong></span> <span class='ocrx_word' id='word_1_225' title='bbox 667 2887 732 2946; x_wconf 90' lang='lat' dir='ltr'><strong>dem</strong></span> <span class='ocrx_word' id='word_1_226' title='bbox 747 2877 844 2961; x_wconf 84' lang='lat' dir='ltr'><strong>millia,</strong></span> <span class='ocrx_word' id='word_1_227' title='bbox 862 2891 891 2944; x_wconf 87' lang='lat' dir='ltr'><strong>et</strong></span> <span class='ocrx_word' id='word_1_228' title='bbox 907 2887 958 2964; x_wconf 85' lang='lat' dir='ltr'><strong>¹hic</strong></span> <span class='ocrx_word' id='word_1_229' title='bbox 973 2887 1043 2946; x_wconf 87' lang='lat' dir='ltr'><strong>nilril</strong></span> <span class='ocrx_word' id='word_1_230' title='bbox 1063 2903 1226 2962; x_wconf 88' lang='lat' dir='ltr'><strong>superesse,</strong></span> <span class='ocrx_word' id='word_1_231' title='bbox 1249 2870 1305 2947; x_wconf 83' lang='lat' dir='ltr'><strong>nisi</strong></span> <span class='ocrx_word' id='word_1_232' title='bbox 1319 2895 1353 2948; x_wconf 93' lang='lat' dir='ltr'><strong>ut</strong></span> <span class='ocrx_word' id='word_1_233' title='bbox 1367 2905 1402 2948; x_wconf 88' lang='lat' dir='ltr'><strong>aa</strong></span> 
     </span>
     <span class='ocr_line' id='line_1_25' title="bbox 147 2971 1402 3069; baseline -0.001 -16"><span class='ocrx_word' id='word_1_234' title='bbox 147 2971 149 2978; x_wconf 35' lang='lat'><strong>¹</strong></span> <span class='ocrx_word' id='word_1_235' title='bbox 234 2995 355 3069; x_wconf 86' lang='lat' dir='ltr'><strong>pecunia</strong></span> <span class='ocrx_word' id='word_1_236' title='bbox 374 2998 552 3066; x_wconf 88' lang='lat' dir='ltr'><strong>numeretur,</strong></span> <span class='ocrx_word' id='word_1_237' title='bbox 578 2998 628 3052; x_wconf 88' lang='lat' dir='ltr'><strong>aut</strong></span> <span class='ocrx_word' id='word_1_238' title='bbox 647 2973 798 3067; x_wconf 57' lang='lat' dir='ltr'><strong>optionem,</strong></span> <span class='ocrx_word' id='word_1_239' title='bbox 813 2991 963 3064; x_wconf 90' lang='lat' dir='ltr'><strong>haberem,</strong></span> <span class='ocrx_word' id='word_1_240' title='bbox 984 2994 1016 3050; x_wconf 78' lang='lat' dir='ltr'><strong>‘si</strong></span> <span class='ocrx_word' id='word_1_241' title='bbox 1037 3006 1168 3052; x_wconf 79' lang='lat' dir='ltr'><strong>caesarea</strong></span> <span class='ocrx_word' id='word_1_242' title='bbox 1188 2993 1333 3065; x_wconf 89' lang='lat' dir='ltr'><strong>majestati</strong></span> <span class='ocrx_word' id='word_1_243' title='bbox 1343 2994 1402 3067; x_wconf 84' lang='lat' dir='ltr'><strong>juri</strong></span> 
     </span>
     <span class='ocr_line' id='line_1_26' title="bbox 234 3075 1402 3172; baseline -0.002 -14"><span class='ocrx_word' id='word_1_244' title='bbox 234 3105 312 3158; x_wconf 89' lang='lat' dir='ltr'><strong>stare</strong></span> <span class='ocrx_word' id='word_1_245' title='bbox 325 3099 420 3159; x_wconf 79' lang='lat' dir='ltr'><strong>velim.</strong></span> <span class='ocrx_word' id='word_1_246' title='bbox 444 3097 587 3172; x_wconf 83' lang='lat' dir='ltr'><strong>Proiecto,</strong></span> <span class='ocrx_word' id='word_1_247' title='bbox 603 3075 748 3172; x_wconf 87' lang='lat' dir='ltr'><strong>uit,.quod</strong></span> <span class='ocrx_word' id='word_1_248' title='bbox 761 3097 899 3156; x_wconf 89' lang='lat' dir='ltr'><strong>haetenus</strong></span> <span class='ocrx_word' id='word_1_249' title='bbox 915 3097 1128 3170; x_wconf 89' lang='lat' dir='ltr'><strong>responsionem</strong></span> <span class='ocrx_word' id='word_1_250' title='bbox 1143 3077 1253 3170; x_wconf 75' lang='lat' dir='ltr'><strong>dmtuli,</strong></span> <span class='ocrx_word' id='word_1_251' title='bbox 1268 3097 1299 3156; x_wconf 91' lang='lat' dir='ltr'><strong>in</strong></span> <span class='ocrx_word' id='word_1_252' title='bbox 1315 3115 1402 3157; x_wconf 87' lang='lat' dir='ltr'><strong>causa</strong></span> 
     </span>
     <span class='ocr_line' id='line_1_27' title="bbox 234 3186 1402 3276; baseline -0.001 -15"><span class='ocrx_word' id='word_1_253' title='bbox 234 3202 297 3276; x_wconf 85' lang='lat' dir='ltr'><strong>fuit,</strong></span> <span class='ocrx_word' id='word_1_254' title='bbox 314 3203 389 3276; x_wconf 87' lang='lat' dir='ltr'><strong>quod</strong></span> <span class='ocrx_word' id='word_1_255' title='bbox 404 3208 463 3262; x_wconf 88' lang='lat' dir='ltr'><strong>tam</strong></span> <span class='ocrx_word' id='word_1_256' title='bbox 478 3207 623 3262; x_wconf 89' lang='lat' dir='ltr'><strong>strenuam</strong></span> <span class='ocrx_word' id='word_1_257' title='bbox 634 3217 752 3276; x_wconf 88' lang='lat' dir='ltr'><strong>operam</strong></span> <span class='ocrx_word' id='word_1_258' title='bbox 764 3186 861 3261; x_wconf 80' lang='lat' dir='ltr'><strong>restra</strong></span> <span class='ocrx_word' id='word_1_259' title='bbox 876 3217 944 3274; x_wconf 80' lang='lat' dir='ltr'><strong>ergo</strong></span> <span class='ocrx_word' id='word_1_260' title='bbox 960 3201 1039 3276; x_wconf 86' lang='lat' dir='ltr'><strong>apud</strong></span> <span class='ocrx_word' id='word_1_261' title='bbox 1052 3217 1207 3260; x_wconf 89' lang='lat' dir='ltr'><strong>caesaream</strong></span> <span class='ocrx_word' id='word_1_262' title='bbox 1221 3203 1402 3275; x_wconf 86' lang='lat' dir='ltr'><strong>majestatem</strong></span> 
     </span>
     <span class='ocr_line' id='line_1_28' title="bbox 234 3304 1402 3382; baseline -0.003 -15"><span class='ocrx_word' id='word_1_263' title='bbox 234 3309 390 3381; x_wconf 82' lang='lat' dir='ltr'><strong>guarerim,</strong></span> <span class='ocrx_word' id='word_1_264' title='bbox 414 3307 466 3364; x_wconf 87' lang='lat' dir='ltr'><strong>sed</strong></span> <span class='ocrx_word' id='word_1_265' title='bbox 488 3321 596 3364; x_wconf 91' lang='lat' dir='ltr'><strong>summo</strong></span> <span class='ocrx_word' id='word_1_266' title='bbox 619 3305 719 3364; x_wconf 91' lang='lat' dir='ltr'><strong>labore</strong></span> <span class='ocrx_word' id='word_1_267' title='bbox 734 3305 812 3380; x_wconf 89' lang='lat' dir='ltr'><strong>apud</strong></span> <span class='ocrx_word' id='word_1_268' title='bbox 827 3320 907 3364; x_wconf 89' lang='lat' dir='ltr'><strong>suam</strong></span> <span class='ocrx_word' id='word_1_269' title='bbox 921 3308 1114 3382; x_wconf 87' lang='lat' dir='ltr'><strong>majestatem,</strong></span> <span class='ocrx_word' id='word_1_270' title='bbox 1140 3313 1173 3364; x_wconf 89' lang='lat' dir='ltr'><strong>ut</strong></span> <span class='ocrx_word' id='word_1_271' title='bbox 1193 3311 1257 3364; x_wconf 88' lang='lat' dir='ltr'><strong>octo</strong></span> <span class='ocrx_word' id='word_1_272' title='bbox 1276 3304 1402 3365; x_wconf 90' lang='lat' dir='ltr'><strong>millibus</strong></span> 
     </span>
     <span class='ocr_line' id='line_1_29' title="bbox 236 3405 1254 3485; baseline -0.003 -15"><span class='ocrx_word' id='word_1_273' title='bbox 236 3416 385 3470; x_wconf 86' lang='lat' dir='ltr'><strong>contentus</strong></span> <span class='ocrx_word' id='word_1_274' title='bbox 401 3415 484 3481; x_wconf 87' lang='lat' dir='ltr'><strong>esset,</strong></span> <span class='ocrx_word' id='word_1_275' title='bbox 503 3409 621 3469; x_wconf 84' lang='lat' dir='ltr'><strong>obtinui.</strong></span> <span class='ocrx_word' id='word_1_276' title='bbox 651 3410 708 3469; x_wconf 84' lang='lat' dir='ltr'><strong>Sed</strong></span> <span class='ocrx_word' id='word_1_277' title='bbox 723 3405 877 3483; x_wconf 74' lang='lat' dir='ltr'><strong>quid&#39;opus</strong></span> <span class='ocrx_word' id='word_1_278' title='bbox 894 3409 938 3469; x_wconf 82' lang='lat' dir='ltr'><strong>est</strong></span> <span class='ocrx_word' id='word_1_279' title='bbox 952 3411 1063 3485; x_wconf 80' lang='lat' dir='ltr'><strong>singula</strong></span> <span class='ocrx_word' id='word_1_280' title='bbox 1078 3407 1254 3470; x_wconf 81' lang='lat' dir='ltr'><strong>annotasse?</strong></span> 
     </span>
    </p>

    <p class='ocr_par' dir='ltr' id='par_1_6' title="bbox 236 3491 1403 3694">
     <span class='ocr_line' id='line_1_30' title="bbox 324 3491 1403 3595; baseline -0.002 -21"><span class='ocrx_word' id='word_1_281' title='bbox 324 3513 487 3595; x_wconf 71' lang='lat' dir='ltr'><strong>Philippum</strong></span> <span class='ocrx_word' id='word_1_282' title='bbox 502 3515 632 3574; x_wconf 82' lang='lat' dir='ltr'><strong>comitem</strong></span> <span class='ocrx_word' id='word_1_283' title='bbox 648 3515 793 3574; x_wconf 73' lang='lat' dir='ltr'><strong>ellassam</strong></span> <span class='ocrx_word' id='word_1_284' title='bbox 813 3491 903 3574; x_wconf 81' lang='lat' dir='ltr'><strong>caesar</strong></span> <span class='ocrx_word' id='word_1_285' title='bbox 923 3517 1013 3590; x_wconf 86' lang='lat' dir='ltr'><strong>gratis</strong></span> <span class='ocrx_word' id='word_1_286' title='bbox 1033 3513 1170 3588; x_wconf 89' lang='lat' dir='ltr'><strong>absolvit,</strong></span> <span class='ocrx_word' id='word_1_287' title='bbox 1192 3505 1244 3573; x_wconf 89' lang='lat' dir='ltr'><strong>sed</strong></span> <span class='ocrx_word' id='word_1_288' title='bbox 1266 3529 1324 3573; x_wconf 92' lang='lat' dir='ltr'><strong>non</strong></span> <span class='ocrx_word' id='word_1_289' title='bbox 1340 3513 1403 3572; x_wconf 86' lang='lat' dir='ltr'><strong>abs·</strong></span> 
     </span>
     <span class='ocr_line' id='line_1_31' title="bbox 236 3619 1133 3694; baseline 0.001 -17"><span class='ocrx_word' id='word_1_290' title='bbox 236 3636 292 3694; x_wconf 91' lang='lat' dir='ltr'><strong>que</strong></span> <span class='ocrx_word' id='word_1_291' title='bbox 306 3621 443 3694; x_wconf 89' lang='lat' dir='ltr'><strong>marsupii</strong></span> <span class='ocrx_word' id='word_1_292' title='bbox 458 3621 502 3679; x_wconf 91' lang='lat' dir='ltr'><strong>sui</strong></span> <span class='ocrx_word' id='word_1_293' title='bbox 517 3619 645 3678; x_wconf 87' lang='lat' dir='ltr'><strong>vulnere.</strong></span> <span class='ocrx_word' id='word_1_294' title='bbox 1131 3687 1133 3690; x_wconf 23' lang='lat'>¹</span> 
     </span>
    </p>

    <p class='ocr_par' dir='ltr' id='par_1_7' title="bbox 236 3711 1403 4020">
     <span class='ocr_line' id='line_1_32' title="bbox 324 3711 1401 3813; baseline 0 -29"><span class='ocrx_word' id='word_1_295' title='bbox 324 3725 351 3784; x_wconf 88' lang='lat' dir='ltr'><strong>A</strong></span> <span class='ocrx_word' id='word_1_296' title='bbox 369 3725 492 3800; x_wconf 88' lang='lat' dir='ltr'><strong>prandio</strong></span> <span class='ocrx_word' id='word_1_297' title='bbox 511 3741 612 3784; x_wconf 88' lang='lat' dir='ltr'><strong>rursus</strong></span> <span class='ocrx_word' id='word_1_298' title='bbox 634 3711 854 3808; x_wconf 71' lang='lat' dir='ltr'><strong>atrebatensem</strong></span> <span class='ocrx_word' id='word_1_299' title='bbox 875 3724 956 3784; x_wconf 84' lang='lat' dir='ltr'><strong>adire</strong></span> <span class='ocrx_word' id='word_1_300' title='bbox 976 3723 1151 3813; x_wconf 80' lang='lat' dir='ltr'><strong>volebamus,</strong></span> <span class='ocrx_word' id='word_1_301' title='bbox 1178 3721 1228 3782; x_wconf 89' lang='lat' dir='ltr'><strong>sed</strong></span> <span class='ocrx_word' id='word_1_302' title='bbox 1243 3738 1328 3796; x_wconf 86' lang='lat' dir='ltr'><strong>quam</strong></span> <span class='ocrx_word' id='word_1_303' title='bbox 1344 3723 1401 3795; x_wconf 85' lang='lat' dir='ltr'><strong>pri-</strong></span> 
     </span>
     <span class='ocr_line' id='line_1_33' title="bbox 236 3823 1403 3912; baseline -0.003 -24"><span class='ocrx_word' id='word_1_304' title='bbox 236 3845 315 3889; x_wconf 91' lang='lat' dir='ltr'><strong>mum</strong></span> <span class='ocrx_word' id='word_1_305' title='bbox 327 3846 372 3889; x_wconf 90' lang='lat' dir='ltr'><strong>me</strong></span> <span class='ocrx_word' id='word_1_306' title='bbox 387 3831 543 3912; x_wconf 86' lang='lat' dir='ltr'><strong>conspexit,</strong></span> <span class='ocrx_word' id='word_1_307' title='bbox 554 3835 745 3904; x_wconf 90' lang='lat' dir='ltr'><strong>properanter</strong></span> <span class='ocrx_word' id='word_1_308' title='bbox 755 3832 805 3905; x_wconf 92' lang='lat' dir='ltr'><strong>ait,</strong></span> <span class='ocrx_word' id='word_1_309' title='bbox 822 3831 935 3890; x_wconf 88' lang='lat' dir='ltr'><strong>domine</strong></span> <span class='ocrx_word' id='word_1_310' title='bbox 945 3845 1047 3902; x_wconf 86' lang='lat' dir='ltr'><strong>comes,</strong></span> <span class='ocrx_word' id='word_1_311' title='bbox 1059 3823 1212 3888; x_wconf 33' lang='lat' dir='ltr'><strong>nonrraoaa</strong></span> <span class='ocrx_word' id='word_1_312' title='bbox 1224 3825 1320 3901; x_wconf 88' lang='lat' dir='ltr'><strong>modo,</strong></span> <span class='ocrx_word' id='word_1_313' title='bbox 1337 3843 1403 3886; x_wconf 88' lang='lat' dir='ltr'><strong>nam</strong></span> 
     </span>
     <span class='ocr_line' id='line_1_34' title="bbox 236 3933 987 4020; baseline 0 -26"><span class='ocrx_word' id='word_1_314' title='bbox 236 3933 383 4015; x_wconf 82' lang='lat' dir='ltr'><strong>confestim</strong></span> <span class='ocrx_word' id='word_1_315' title='bbox 398 3936 466 3992; x_wconf 92' lang='lat' dir='ltr'><strong>mihi</strong></span> <span class='ocrx_word' id='word_1_316' title='bbox 483 3933 641 3994; x_wconf 83' lang='lat' dir='ltr'><strong>exeundum</strong></span> <span class='ocrx_word' id='word_1_317' title='bbox 657 3940 701 3994; x_wconf 85' lang='lat' dir='ltr'><strong>est</strong></span> <span class='ocrx_word' id='word_1_318' title='bbox 716 3933 803 3994; x_wconf 90' lang='lat' dir='ltr'><strong>foras.</strong></span> <span class='ocrx_word' id='word_1_319' title='bbox 984 4013 987 4020; x_wconf 33' lang='grc' dir='ltr'>Ι</span> 
     </span>
    </p>

    <p class='ocr_par' dir='ltr' id='par_1_8' title="bbox 237 4035 1404 4322">
     <span class='ocr_line' id='line_1_35' title="bbox 325 4035 1404 4120; baseline -0.004 -23"><span class='ocrx_word' id='word_1_320' title='bbox 325 4039 495 4120; x_wconf 86' lang='lat' dir='ltr'><strong>Volebamus</strong></span> <span class='ocrx_word' id='word_1_321' title='bbox 518 4045 548 4098; x_wconf 89' lang='lat' dir='ltr'><strong>et</strong></span> <span class='ocrx_word' id='word_1_322' title='bbox 568 4039 711 4098; x_wconf 88' lang='lat' dir='ltr'><strong>Staculum</strong></span> <span class='ocrx_word' id='word_1_323' title='bbox 731 4058 749 4098; x_wconf 87' lang='lat' dir='ltr'><strong>a</strong></span> <span class='ocrx_word' id='word_1_324' title='bbox 765 4039 904 4100; x_wconf 83' lang='lat' dir='ltr'><strong>Schleben</strong></span> <span class='ocrx_word' id='word_1_325' title='bbox 920 4037 1037 4112; x_wconf 89' lang='lat' dir='ltr'><strong>alloqui,</strong></span> <span class='ocrx_word' id='word_1_326' title='bbox 1057 4051 1155 4096; x_wconf 87' lang='lat' dir='ltr'><strong>rerum</strong></span> <span class='ocrx_word' id='word_1_327' title='bbox 1170 4037 1195 4093; x_wconf 90' lang='lat' dir='ltr'><strong>is</strong></span> <span class='ocrx_word' id='word_1_328' title='bbox 1208 4035 1333 4094; x_wconf 87' lang='lat' dir='ltr'><strong>inveniri</strong></span> <span class='ocrx_word' id='word_1_329' title='bbox 1348 4051 1404 4094; x_wconf 92' lang='lat' dir='ltr'><strong>non</strong></span> 
     </span>
     <span class='ocr_line' id='line_1_36' title="bbox 237 4141 1402 4224; baseline -0.005 -21"><span class='ocrx_word' id='word_1_330' title='bbox 237 4145 338 4224; x_wconf 87' lang='lat' dir='ltr'><strong>potuit.</strong></span> <span class='ocrx_word' id='word_1_331' title='bbox 367 4143 583 4203; x_wconf 83' lang='lat' dir='ltr'><strong>Marsohalclrus</strong></span> <span class='ocrx_word' id='word_1_332' title='bbox 597 4161 665 4204; x_wconf 84' lang='lat' dir='ltr'><strong>vero</strong></span> <span class='ocrx_word' id='word_1_333' title='bbox 681 4145 817 4205; x_wconf 84' lang='lat' dir='ltr'><strong>Luderitz</strong></span> <span class='ocrx_word' id='word_1_334' title='bbox 837 4145 928 4218; x_wconf 90' lang='lat' dir='ltr'><strong>petita</strong></span> <span class='ocrx_word' id='word_1_335' title='bbox 949 4149 1047 4202; x_wconf 86' lang='lat' dir='ltr'><strong>nostra</strong></span> <span class='ocrx_word' id='word_1_336' title='bbox 1065 4141 1104 4200; x_wconf 86' lang='lat' dir='ltr'><strong>ad</strong></span> <span class='ocrx_word' id='word_1_337' title='bbox 1118 4141 1317 4199; x_wconf 88' lang='lat' dir='ltr'><strong>Marchionem</strong></span> <span class='ocrx_word' id='word_1_338' title='bbox 1331 4141 1402 4199; x_wconf 90' lang='lat' dir='ltr'><strong>elec-</strong></span> 
     </span>
     <span class='ocr_line' id='line_1_37' title="bbox 237 4245 736 4322; baseline -0.006 -13"><span class='ocrx_word' id='word_1_339' title='bbox 237 4255 328 4311; x_wconf 83' lang='lat' dir='ltr'><strong>torem</strong></span> <span class='ocrx_word' id='word_1_340' title='bbox 344 4245 472 4320; x_wconf 83' lang='lat' dir='ltr'><strong>perferre</strong></span> <span class='ocrx_word' id='word_1_341' title='bbox 487 4265 517 4307; x_wconf 87' lang='lat' dir='ltr'><strong>se</strong></span> <span class='ocrx_word' id='word_1_342' title='bbox 531 4249 605 4308; x_wconf 83' lang='lat' dir='ltr'><strong>uelle</strong></span> <span class='ocrx_word' id='word_1_343' title='bbox 619 4249 736 4322; x_wconf 86' lang='lat' dir='ltr'><strong>recepit.</strong></span> 
     </span>
    </p>

    <p class='ocr_par' dir='ltr' id='par_1_9' title="bbox 313 4362 921 4507">
     <span class='ocr_line' id='line_1_38' title="bbox 402 4362 829 4402; baseline 0.016 -7"><span class='ocrx_word' id='word_1_344' title='bbox 402 4363 409 4372; x_wconf 72' lang='lat'><strong>&#39;¹</strong></span> <span class='ocrx_word' id='word_1_345' title='bbox 652 4362 663 4374; x_wconf 85' lang='lat'><strong>&#39;‘</strong></span> <span class='ocrx_word' id='word_1_346' title='bbox 813 4367 829 4402; x_wconf 84' lang='lat'>*</span> 
     </span>
     <span class='ocr_line' id='line_1_39' title="bbox 313 4419 921 4507; baseline 0.007 -5"><span class='ocrx_word' id='word_1_347' title='bbox 313 4457 323 4502; x_wconf 93' lang='lat' dir='ltr'><strong>l</strong></span> <span class='ocrx_word' id='word_1_348' title='bbox 345 4453 363 4507; x_wconf 80' lang='lat' dir='ltr'>L</span> <span class='ocrx_word' id='word_1_349' title='bbox 383 4455 508 4505; x_wconf 82' lang='lat' dir='ltr'><strong>severius.</strong></span> <span class='ocrx_word' id='word_1_350' title='bbox 917 4419 921 4430; x_wconf 28' lang='lat' dir='ltr'><em>a</em></span> 
     </span>
    </p>
   </div>
   <div class='ocr_carea' id='block_1_5' title="bbox 0 0 1538 5104">
    <p class='ocr_par' dir='ltr' id='par_1_10' title="bbox 0 0 1538 5104">
     <span class='ocr_line' id='line_1_40' title="bbox 0 0 1538 5104; baseline 0 0"><span class='ocrx_word' id='word_1_351' title='bbox 0 0 1538 5104; x_wconf 95' lang='lat' dir='ltr'><strong> </strong></span> 
     </span>
    </p>
   </div>
  </div>
 </body>
</html>
