3046 5104
611 455 614 462 ’
714 443 775 508 ¹01

155 645 273 703 quoque
283 627 432 687 historiam
441 626 520 684 missi
530 625 647 700 spiritus
662 625 752 685 sancti
762 623 855 686 literis
870 626 1025 686 mandavit.
1042 626 1169 700 Liquere
1183 633 1278 686 autem
1290 628 1332 686 ait

154 751 193 792 ex
203 735 260 794 hac
268 731 423 792 donatione
433 731 551 806 spiritus
562 731 663 804 sancti,
671 729 860 804 quamlirmus
870 737 900 791 et
910 747 945 790 ex
955 729 1030 790 omni
1039 737 1123 804 perte
1132 733 1187 791 sibi
1196 737 1331 792 constans

155 838 336 908 sitdominus
345 839 443 895 noster
452 836 539 894 lesus
552 834 683 894 Christus
696 837 726 894 in
738 834 976 910 promissionibus
992 836 1064 909 suis,
1090 837 1187 910 utique
1208 839 1257 911 qui
1269 837 1330 910 jam

155 934 344 1003 ‘addextrem
360 941 416 1000 Dei
436 941 527 1016 patris
547 939 651 1000 sedens
671 945 767 1002 tamen
782 941 953 1014 promissum
972 941 1058 1000 toties
1074 942 1250 1016 paracletum
1265 943 1329 999 mit-

156 1055 222 1108 tere
238 1063 297 1107 non
312 1046 485 1133 neglexerit,
509 1045 639 1118 allegans
660 1045 765 1103 multos
785 1045 862 1104 locos
882 1061 918 1104 ex
931 1045 1124 1120 Evangelistis
1140 1045 1177 1104 de
1191 1047 1331 1119 promisso

158 1154 189 1212 S.
207 1148 321 1227 spiritu.
358 1151 431 1209 ltem
453 1155 562 1223 quanta
576 1150 688 1209 vanitas
707 1151 746 1207 sit
759 1151 979 1223 promissionum
991 1149 1188 1208 humanarum
1203 1158 1232 1212 et
1247 1167 1332 1225 quam

156 1257 293 1332 proclivis
308 1253 512 1316 beneficiorum
527 1254 643 1328 oblivio,
666 1253 810 1332 adducens
830 1255 990 1329 exemplum
1004 1253 1148 1329 pincernae
1163 1256 1239 1330 regis
1254 1255 1330 1316 Pha-

157 1362 256 1422 raonis
272 1377 342 1436 erge
356 1361 465 1434 Josepb
480 1359 554 1420 libro
570 1351 667 1435 genes.
692 1358 761 1434 Cap.
780 1363 832 1418 41.
861 1359 933 1417 Item
948 1354 1025 1432 quod
1041 1360 1157 1432 spiritus
1172 1344 1286 1420 sauctm
1300 1363 1331 1420 in

159 1459 313 1526 divinitate
328 1466 447 1539 aequalis
463 1481 527 1523 cum
541 1469 625 1539 patre
641 1470 671 1524 st
684 1463 742 1523 filio
757 1465 805 1537 sit,
827 1465 874 1523 hic
894 1481 1008 1538 quoque
1023 1465 1225 1525 nonnullorum
1240 1467 1331 1526 here·

157 1553 281 1631 ticorum
294 1581 424 1629 errorem
440 1571 607 1645 corripiens.
621 1627 625 1632 ,
641 1570 713 1628 Item
729 1569 806 1643 quod
825 1570 968 1630 interdum
983 1569 1089 1630 donum
1108 1573 1227 1646 spiritus
1241 1571 1333 1630 sancti

157 1675 292 1750 prcipso
308 1673 413 1748 spiritu
428 1675 597 1748 accipiatur.
636 1675 709 1733 Item
733 1673 803 1746 quid
827 1674 881 1733 sibi
900 1675 968 1733 velit
983 1677 1168 1750 evengelista,
1197 1693 1260 1736 cum
1275 1677 1330 1735 ait:

156 1781 198 1839 Et
211 1777 307 1838 iactus
329 1783 374 1837 cst
392 1783 512 1852 repente
532 1793 618 1838 sonus
639 1778 713 1836 sicut
726 1778 805 1837 venti
826 1777 1015 1852 vehementis;
1040 1784 1069 1838 et
1084 1783 1168 1853 quam
1183 1781 1229 1840 hio
1244 1797 1329 1840 evan·

157 1885 268 1960 gellone
292 1898 379 1941 sunus
398 1883 504 1957 passim
523 1884 621 1942 urbem
642 1887 787 1941 terrarum
803 1885 999 1956 commoverit,
1022 1885 1200 1956 potissimum
1214 1887 1245 1943 in
1260 1883 1331 1944 Ger-

156 1989 268 2063 mania,
292 1988 323 2046 in
347 2004 404 2062 qua
427 1987 472 2046 his
492 1988 671 2063 temporibus
695 1987 825 2060 pessimis
845 1987 1033 2060 Evangelium
1055 1989 1208 2063 predicari
1233 1992 1330 2064 ooepit.

156 2095 231 2153 Item
257 2092 334 2167 quod
362 2093 479 2168 spiritus
507 2093 636 2152 hicnon
662 2093 749 2152 Petro
774 2092 936 2151 solidatus
966 2092 1019 2166 sit,
1058 2092 1110 2152 sed
1133 2093 1224 2167 quod,
1256 2096 1330 2156 siout

156 2199 346 2273 Euangelista
362 2198 478 2271 iudicat,
495 2215 582 2273 super
602 2213 701 2258 omnes
724 2197 850 2270 reliquos
871 2197 978 2271 linguae
994 2197 1152 2272 dispartita
1167 2199 1236 2257 visae
1251 2205 1328 2260 suut.

156 2305 308 2366 Praeterea
322 2305 412 2363 multa
426 2303 617 2364 observabilia
631 2303 794 2375 Musonius,
818 2302 950 2362 nucleum
965 2319 982 2364 e
996 2304 1103 2363 cortice
1123 2305 1330 2380 scripturarum
1446 2305 1453 2324 ⁹

158 2427 275 2485 eruens,
292 2409 397 2470 docuit.
435 2409 544 2468 Verum
559 2409 596 2468 ob
610 2409 748 2482 temporis
770 2409 919 2480 penuriam
935 2411 965 2465 et
979 2423 1128 2468 numerurm
1143 2411 1331 2484 copiosiorem

158 2533 251 2590 erum,
268 2517 318 2589 qui
333 2515 370 2574 ed
385 2531 496 2573 scoram
517 2514 639 2587 synaxin
661 2512 802 2572 accessuri
818 2515 914 2586 eraut,
938 2507 1031 2572 sermo
1055 2511 1241 2573 defaloandus
1257 2515 1329 2573 erat.

158 2621 187 2680 Α
196 2622 333 2680 concione
348 2635 416 2678 vero
433 2619 461 2677 d.
471 2617 619 2677 Masculus
633 2616 855 2691 pulcherrimam
870 2623 900 2676 et
913 2613 1068 2676 christiano
1084 2618 1201 2696 doctore
1216 2617 1330 2691 dignam

158 2726 197 2786 ad
213 2725 306 2786 altare
327 2741 425 2784 coram
446 2721 686 2784 communicandis
707 2722 868 2794 paraclesin
887 2721 918 2778 in
931 2721 1073 2781 monendo
1088 2723 1198 2782 hahuit.
1236 2722 1331 2782 Multa

160 2833 197 2892 de
212 2832 298 2906 huius
314 2830 487 2894 sacrosancti
502 2828 631 2902 mysterii
645 2831 674 2885 et
686 2841 775 2885 coenae
791 2825 938 2884 dominicae
953 2827 1133 2886 institutione
1149 2821 1262 2901 dereju's
1276 2843 1331 2886 usu

160 2955 195 2998 ac
210 2937 336 2996 adhunc
350 2933 566 3010 percipiendam
581 2947 643 2991 cnm
658 2928 753 3007 fructu
767 2930 978 3005 preparatione
997 2931 1150 2990 disserens
1195 2931 1331 3006 inquiens

159 3045 238 3102 inter
253 3045 371 3100 caetera:
410 3039 571 3100 Avocamus
587 3040 617 3096 et
630 3034 827 3095 interdicimus
847 3034 900 3093 sibi
921 3041 1023 3092 cavere
1037 3035 1074 3093 ab
1089 3035 1143 3094 hac
1157 3051 1257 3095 mensa
1270 3053 1329 3095 cm·

123 3149 125 3154 '
161 3164 229 3221 nes,
245 3149 386 3220 quotquot
399 3144 428 3203 d.
445 3144 553 3204 Paulus
568 3142 605 3201 ab
620 3141 674 3200 hac
692 3139 786 3198 arceri
796 3140 896 3213 jussit,
913 3139 1045 3200 nimirum
1065 3141 1254 3213 scortatores,
1278 3139 1330 3200 ad·

160 3251 287 3325 ulteros,
313 3251 454 3324 ebriosos,
480 3245 593 3320 molles,
622 3261 725 3306 avaros
748 3250 811 3304 etc.¹
841 3245 897 3316 Qui
916 3243 1054 3318 ejusmodi
1073 3249 1140 3304 sunt
1159 3260 1212 3302 nec
1231 3259 1331 3304 eorum

160 3358 298 3418 vitiorum
320 3361 464 3414 metanoea
485 3352 644 3424 ducuntur,
674 3351 776 3424 procul
798 3349 864 3408 hinc
884 3354 964 3408 arcet
986 3351 1107 3410 ecclesia
1130 3355 1160 3408 et
1174 3349 1331 3424 apostolus,

159 3462 249 3523 modo
264 3463 364 3530 inhoc
377 3460 527 3536 proposito
541 3471 710 3536 permanere
719 3469 816 3514 secum
826 3456 971 3514 statuerit.
996 3453 1046 3514 Sin
1060 3453 1156 3516 autern
1171 3457 1246 3516 male
1256 3459 1332 3515 acte

161 3570 229 3628 vitoe
245 3581 281 3626 ex
295 3565 382 3625 corde
395 3563 550 3637 poeniteat,
572 3561 685 3633 ueniam
700 3578 718 3619 a
732 3559 796 3620 Deo
810 3561 968 3635 postulent,
985 3577 1049 3620 cum
1063 3559 1170 3621 fiducia
1183 3562 1240 3620 huc
1254 3559 1333 3621 acce·

162 3675 243 3735 daut.
267 3672 306 3730 Et
320 3675 507 3745 posteaquam
522 3667 751 3727 adhortationem
766 3665 889 3740 finierat,
913 3668 973 3726 alte
987 3683 1056 3725 voce
1072 3665 1254 3746 exclamavit:
1275 3665 1331 3723 Ac-

161 3779 247 3840 cedat
260 3779 316 3838 huc
331 3775 438 3848 omnis,
469 3776 663 3848 cnjuseunque
685 3789 735 3831 cor
757 3772 887 3832 dominus
909 3771 948 3830 ad
966 3770 1021 3830 hoc
1040 3773 1136 3842 uocat,
1161 3768 1239 3842 quod
1253 3768 1333 3829 Deus

162 3891 248 3962 pater
263 3883 345 3943 nobis
360 3882 526 3956 pertesum
542 3879 687 3939 Christum
706 3876 796 3936 filium
815 3891 897 3935 suum
912 3875 985 3934 hene
999 3873 1135 3932 fortunet.
1172 3873 1335 3936 decedente

161 3993 252 4066 igitur
267 3987 372 4064 populo
386 3987 534 4046 Musonius
550 4001 666 4058 panem,
691 3983 844 4058 symmistae
859 3981 948 4056 ipsius
962 3979 1080 4060 calicem
1094 3975 1258 4052 porrigunt
1280 3979 1336 4052 Qui

162 4098 279 4156 manum
293 4095 460 4168 porrigebat
482 4089 636 4164 epopulo,
660 4091 731 4150 huic
749 4086 920 4152 eucharistie
939 4086 969 4142 in
987 4097 1103 4164 manum
1125 4083 1262 4158 dabatur,
1286 4085 1337 4157 qui

163 4206 332 4260 reverenter
346 4199 445 4272 patulo
461 4213 511 4256 cre
526 4193 694 4267 accedebat,
710 4195 776 4252 huic
790 4194 820 4250 in
836 4209 867 4252 cs
882 4195 986 4266 panem
1000 4189 1129 4248 minister
1143 4189 1267 4247 immisit.
1287 4185 1334 4246 ln-

163 4312 247 4372 terea
269 4305 390 4363 ecclesia
413 4301 538 4376 psalmos
558 4299 681 4360 canebat
702 4304 732 4358 et
753 4299 921 4372 passionem·
935 4294 1040 4354 Christi
1066 4294 1098 4351 iu
1118 4292 1267 4374 rhythmos
1291 4293 1334 4352 di·

164 4415 285 4486 gestam.
302 4399 307 4406 ’
323 4407 395 4466 Post
417 4406 643 4464 communionem
661 4385 761 4462 rursus
780 4401 928 4460 Masculus
950 4401 1049 4460 habita
1069 4400 1199 4458 oratione
1222 4397 1336 4480 thsto

165 4515 281 4576 domiuo
296 4529 355 4588 pro
377 4510 502 4587 acceptis
525 4507 672 4571 beneficiis
696 4509 805 4582 gratim
825 4505 884 4580 egit
905 4511 1019 4565 etcum
1033 4502 1232 4564 benedictione
1247 4501 1336 4562 eccle·
