3020 5112
799 429 863 501 194

242 619 292 694 qui
312 616 450 689 adversus
470 633 524 680 uos
544 617 653 692 aliquid
672 617 854 693 praetendere
873 609 986 689 ιιιιιιι,
1000 631 1053 676 uos
1072 605 1139 691 j'ure
1156 611 1337 678 'mevaniam
1356 610 1405 676 eta.

244 728 316 786 Item
332 721 409 798 quod
424 723 586 798 specialiter
600 725 630 782 in
645 709 750 782 litteris
765 727 935 797 poneretur,
952 726 982 780 et
995 737 1041 781 me
1057 727 1087 782 et
1101 723 1230 782 subditos
1245 723 1277 780 in
1292 723 1407 796 gratiam

241 837 383 905 receptos,
400 845 463 888 eam
478 829 515 888 ob
530 845 600 902 rem,
618 827 695 900 quod
710 827 943 900 aliquotvieinos
957 825 1027 884 mihi
1038 825 1200 886 infestiores
1210 826 1349 886 haberem
1358 831 1407 892 etc.

241 929 281 996 Hi
297 931 353 996 duo
363 934 495 994 doctores
509 937 682 1006 receperunt
697 949 728 992 se
743 933 869 1000 concido,
877 931 1018 1005 imperiali
1032 933 1200 1004 petitionem
1219 937 1350 992 nostram
1368 948 1408 991 re-

243 1042 353 1100 laturos
370 1046 399 1099 ιι
414 1051 481 1098 suas
495 1054 598 1112 operas
613 1038 720 1098 adhoc
735 1037 816 1096 uobis
832 1035 973 1102 obtulere⁶
1003 1038 1098 1111 Vigilo
1114 1043 1211 1097 autem
1227 1055 1289 1098 non
1308 1038 1406 1097 incom-

243 1147 359 1206 modum
373 1133 539 1218 sisum'est,
563 1149 597 1203 ut
612 1159 664 1218 per
679 1142 843 1202 schedulam
857 1141 934 1201 idem
954 1147 1083 1216 peterem
1104 1159 1225 1216 eampum
1245 1142 1408 1202 consiliariis

121 1265 123 1272 ’
243 1253 476 1312 transmitterem.
497 1243 583 1308 'Nam
598 1265 629 1308 se
643 1253 725 1341 recta
740 1247 777 1306 ad
790 1247 884 1312 locum
899 1247 1011 1306 concilii
1026 1247 1153 1328 tendere.
1185 1248 1307 1308 Libcrio
1326 1237 1410 1321 igitur

243 1363 276 1418 ut
290 1357 392 1416 mentis
402 1361 514 1416 -nostrae
529 1359 695 1428 conceptum
709 1369 820 1427 papyro
836 1352 1027 1412 committeret
1040 1353 1198 1426 injunctum
1214 1358 1291 1412 estc

334 1461 457 1532 Querela
471 1459 750 1518 Puderbornensium
763 1457 852 1516 Floro
869 1456 937 1516 data
952 1460 1009 1528 est,
1032 1461 1065 1516 ut
1080 1473 1115 1516 ea
1134 1459 1267 1534 perlaeta
1288 1472 1323 1515 ex
1342 1459 1406 1516 tem·

245 1581 315 1640 pore
329 1565 543 1639 responsionem
559 1563 761 1623 conscriberet
793 1563 910 1624 Revixit
923 1561 985 1622 fere
998 1562 1123 1635 satiram
1139 1563 1192 1624 sed
1207 1565 1350 1637 superest,
1364 1559 1408 1633 qui

244 1677 332 1746 caput
319 1671 481 1731 tcontrivit
495 1670 648 1743 serpentis

335 1777 477 1836 Prausum
493 1780 536 1834 est
552 1773 653 1834 eadem
667 1773 745 1847 apud
759 1772 845 1831 comit
846 1787 891 1830 em
832 1769 1090 1848 tWiIhelmum
1105 1789 1124 1833 a
1137 1716 1269 1848 Nassau,
1283 1769 1342 1832 ubi
1356 1769 1407 1830 Lu-

244 1881 351 1942 dislaus
367 1881 404 1940 ab
419 1881 536 1956 Hagen,
558 1881 686 1940 Joanues
701 1895 719 1937 a
735 1877 825 1951 seyr,
846 1865 1031 1938 Wilhelmus
1033 1895 1051 1938 a
1065 1878 1273 1966 Witgenatein,
1296 1875 1408 1937 Otthoa

245 1987 455 2060 Schaumburg,
479 1987 622 2044 Henricus
643 1984 860 2057 aLyuningen,
885 1981 1034 2058 Philippus
1049 1983 1226 2044 etEubulus
1242 1997 1261 2042 a
1275 1978 1408 2044 Weioeak

244 2093 361 2151 comites
383 2089 513 2150 aderant.
551 2087 653 2148 Adfuit
675 2103 788 2161 quoque
810 2086 1007 2148 Marathalcus
1031 2089 1224 2163 Schuumberg
1240 2092 1277 2147 et
1298 2083 1406 2161 quidam

244 2197 302 2256 dux
322 2198 478 2261 caesareani
498 2195 648 2254 exercitus.
679 2195 763 2253 Vitua
783 2209 801 2250 a
821 2191 949 2272 Velbrug
969 2195 1134 2268 supervenit
1154 2197 1183 2252 et
1206 2190 1374 2251 chunradus
1390 2205 1406 2247 a

244 2300 417 2374 Bomelberg
432 2317 529 2374 eques.
564 2299 762 2358 Marschalcus
779 2295 985 2372 gloriabundus
1001 2300 1055 2358 ait:
1079 2298 1156 2359 Novi
1176 2297 1291 2373 aliquid
1307 2313 1342 2357 ex
1359 2311 1406 2369 pu-

244 2407 314 2465 latio
336 2407 451 2463 caesaris
471 2403 579 2464 adiero.
614 2402 864 2477 Norinbergenaes
886 2403 1002 2462 interim
1019 2403 1094 2466 illud
1115 2407 1316 2478 acceptarunt,
1339 2402 1405 2460 sicut

244 2509 387 2568 Huleusas
404 2506 515 2568 Sueviae
530 2507 605 2568 idem
621 2523 735 2582 quoque
750 2506 930 2582 factitarunt,
956 2509 1043 2568 semel
1058 2509 1110 2568 aut
1122 2509 1168 2568 bis
1182 2507 1404 2568 sermonem'ite·

244 2631 322 2675 rans.
355 2615 484 2675 Tandem
500 2629 594 2673 comes
609 2613 779 2674 Wilhelmus
793 2630 812 2672 a
825 2613 941 2673 Nassau
956 2614 1037 2674 vultu
1054 2590 1219 2674 mesticiam
1234 2613 1322 2674 animi
1335 2624 1403 2686 prae·

245 2721 383 2780 nunciant
383 2736 399 2778 e
413 2719 573 2792 respondit:
596 2715 740 2792 Proiecto,
713 2721 781 2778 osi
796 2724 978 2794 receperunt,
993 2721 1062 2794 quid
1077 2725 1251 2794 receperunt
1265 2714 1403 2794 ignorant!

245 2817 336 2884 Paulo
351 2825 460 2899 largius
474 2823 522 2882 hic
535 2828 618 2898 potat
618 2840 674 2892 um
682 2830 734 2884 est

331 2929 411 2990 'Nota
427 2930 463 2989 de
476 2928 581 3004 herba,
605 2944 670 3002 quae
684 2929 823 3004 anagallis
844 2887 963 3004 dicitur,
987 2931 1150 3004 germaniae
1171 2867 1330 2990 Gunebbal
1349 2925 1402 2983 sive

244 3034 388 3109 Jaucheil,
412 3041 476 3109 quae
491 3037 522 3094 in
536 3036 591 3096 hoo
605 3034 805 3108 menseJunio
820 3033 904 3093 euelli
912 3034 1005 3094 debet
1019 3051 1053 3094 aa
1067 3036 1134 3095 vino
1150 3036 1270 3096 decocta
1290 3038 1325 3092 ιι
1338 3043 1399 3102 epo·

242 3143 305 3198 tata
319 3145 424 3200 contra
433 3156 545 3202 morsus
560 3140 638 3200 canis
652 3139 745 3199 rabidi
759 3139 886 3200 remedio
908 3145 966 3214 est,
991 3139 1071 3215 quod
1086 3139 1225 3216 Augustae
1246 3153 1338 3214 nuper
1355 3147 1403 3210 par

242 3245 375 3304 comitem
382 3245 589 3306 Wilhelmum
581 3263 611 3304 ru
626 3246 728 3319 auriga
743 3245 823 3305 ducas
831 3244 962 3306 Maurrtu
975 3246 1128 3320 probatum
1143 3251 1195 3306 est.
1174 3245 1330 3360 tEudem
1342 3241 1402 3300 uma

243 3349 331 3431 plaga
343 3366 456 3411 morsus
471 3352 549 3411 canis
564 3350 650 3411 debet
663 3352 772 3411 illiniri
1239 3363 1242 3368 ·

317 3453 409 3524 Dum
430 3460 562 3516 coenatur
581 3457 719 3516 Erasmus
741 3473 759 3516 a
780 3455 922 3518 Rumrodt
945 3457 1033 3516 cliens
1056 3445 1176 3516 Joannis
1192 3453 1300 3530 ¹fratris
1319 3448 1400 3512 ιιοιιιι

244 3560 322 3619 venit
336 3562 484 3635 nuncians,
501 3561 643 3621 dominam
657 3577 810 3621 nouercam
823 3542 963 3622 invicinie
971 3578 1042 3637 esse,
1052 3568 1085 3621 ut
1093 3541 1253 3637 Augustam
1266 3555 1363 3618 tendat
1376 3557 1401 3612 et

242 3666 272 3723 in
295 3665 404 3726 Werda
423 3665 462 3726 ad
481 3667 644 3728 Danubium
663 3670 904 3741 pernoctaturum.
940 3668 996 3726 Hic
1014 3667 1144 3759 Eubulus
1164 3664 1288 3740 ringitur
1303 3661 1401 3724 dubius

136 3821 137 3825 ,
243 3772 313 3844 quid
327 3769 423 3846 iaciat,
439 3789 473 3832 ac
482 3779 552 3833 'cum
567 3773 685 3832 Libcrio
701 3773 850 3832 consilium
865 3764 953 3848 cepit,
970 3776 1051 3832 ratus
1067 3770 1181 3846 quidem
1195 3771 1352 3830 mmmmm
1365 3763 1400 3822 ti·

242 3875 317 3948 deri,
341 3877 366 3934 si
387 3878 449 3950 ejus
466 3879 610 3944 aduentus
625 3894 683 3938 nou
699 3883 901 3952 expectaretur
916 3877 1021 3936 multus
1034 3877 1073 3936 ab
1088 3891 1198 3960 causas.
1229 3877 1335 3937 Varum
1348 3885 1398 3932 nen

241 3994 331 4055 parva
345 3980 506 4042 obstabant.
531 3981 707 4042 conventum
722 3984 828 4057 itaque,
844 3985 921 4042 utin
936 3984 1092 4042 crastinum
1107 3983 1281 4042 consultatio
1295 3983 1398 4056 protra-

241 4082 368 4144 heretur.
392 4085 690 4168 Posteaquam-autem
705 4080 835 4148 Eubulus
850 4103 948 4148 somno
964 4085 1139 4160 indulsisset,
1155 4087 1336 4148 illucescente
1346 4084 1398 4157 jam

241 4187 287 4247 dia
309 4190 422 4248 circiter
444 4192 559 4250 tertiam
578 4190 661 4266 parvi
683 4193 825 4268 horologii
843 4209 964 4268 puerum
984 4209 1048 4266 pro.
1060 4191 1180 4253 Libcrio
1201 4193 1298 4252 mittit.
1334 4186 1399 4247 Erat

240 4297 336 4353 autem
349 4295 396 4375 hio
410 4289 471 4356 died
486 4293 684 4370 praecidaneae
698 4297 837 4358 feriarum
852 4298 880 4358 d.
896 4297 1017 4357 loannis
1033 4296 1167 4371 baptistae
1187 4297 1233 4357 rel
1254 4298 1294 4360 23
1317 4288 1399 4355 Juniis

241 4399 366 4473 Singulis
387 4401 476 4476 igitur
495 4402 586 4474 probe
607 4405 756 4478 perpensis
777 4406 873 4464 visum
889 4408 934 4463 ιιι
954 4401 1063 4463 abitum
1082 4419 1196 4477 parare.
1228 4401 1398 4478 Quapropter

240 4508 270 4563 ιι
284 4503 418 4566 Liberius
430 4508 528 4579 jussus
544 4507 580 4567 da
594 4506 662 4580 biga
676 4507 707 4566 in
720 4523 803 4568 usum
818 4510 995 4572 sarcinarum
1009 4515 1042 4570 ut
1061 4501 1277 4586 cogitaret'etc.
1307 4503 1397 4568 Eubu-
