3046 5104
765 433 827 501 126

212 621 298 690 utque
314 631 426 690 eaquae
446 619 605 676 statuerent
626 617 681 690 ipsi
701 617 781 690 prins
802 617 955 677 observent
974 633 1009 676 ac
1024 617 1108 690 jnxta
1128 612 1318 674 Claudianum
1339 615 1383 674 di-

213 728 293 781 scant
307 722 367 796 pati
388 727 505 795 quamt
492 721 612 780 tulerint
599 722 730 794 t.legem
757 721 808 785 At
826 722 891 782 vide
911 721 1053 795 quomodo
1074 720 1170 780 Christ
1158 725 1204 778 tus
1223 719 1386 779 obediverit

212 831 297 898 patri.
264 825 494 884 riFactust
450 829 494 884 ιιι
509 827 584 884 enim
599 825 734 884 obediens
749 843 839 899 usque
859 827 898 885 ad
916 831 1046 901 mortem,
1069 828 1190 885 mortem
1204 830 1302 883 antem
1318 841 1384 882 cru·

212 931 261 988 cis.
292 929 381 1003 quue
402 928 508 988 iactum
530 945 593 987 esse
613 928 650 988 ob
671 944 733 988 eam
753 947 837 1004 quam
857 919 927 1004 erga
949 937 1058 1005 patrem
1080 937 1109 990 et
1128 947 1180 991 nos
1202 929 1385 989 dilectionem

211 1033 320 1094 habuit.
342 1035 450 1093 Verum
465 1033 619 1108 praeceptio
635 1035 670 1093 ιι
679 1035 809 1093 executio
824 1034 1023 1095 mandatorum
1038 1053 1095 1095 non
1111 1040 1155 1094 est
1169 1034 1256 1096 cabaa
1271 1033 1383 1104 salutis,

212 1139 263 1198 sed
278 1141 373 1212 potius
389 1138 664 1211 custodia'quaedem
679 1137 836 1212 charitatis,
861 1141 929 1213 quia
947 1139 1026 1198 Deus
1046 1156 1098 1198 nos
1118 1129 1149 1197 in
1164 1138 1223 1196 ιιιο
1243 1153 1297 1198 ιιι
1313 1137 1384 1197 Jesu

212 1249 242 1302 ιι
256 1249 606 1316 antequamnascenemur
621 1243 729 1302 dilexit.
765 1243 847 1315 Quod
868 1251 962 1304 autem
982 1245 1113 1304 dominus
1127 1245 1247 1318 jusserit
1266 1220 1384 1311 manere

212 1349 242 1406 in
257 1347 485 1420 dilectionem,
509 1365 566 1406 non
581 1353 687 1420 praeter
706 1365 766 1406 rem
786 1349 901 1420 (ιιιιιιι,
926 1349 994 1422 qnia
1013 1347 1141 1407 videmus
1162 1363 1247 1421 qnam
1266 1344 1384 1404 difficile

212 1453 259 1524 sit,
284 1453 352 1509 siin
370 1453 425 1510 boc
443 1451 548 1510 mundo
569 1453 599 1510 in
617 1452 736 1546 alicujus
750 1453 911 1536 amicitiam
930 1453 1011 1511 asciti
1022 1451 1131 1523 simus,
1156 1450 1230 1510 eam'
1241 1452 1384 1525 integram

213 1561 373 1614 servareet
387 1571 423 1613 ne
442 1543 605 1621 excidamus
626 1572 735 1631 cavere,
759 1557 816 1616 tale
837 1555 982 1616 adducens
998 1555 1168 1630 exemplum.
1199 1557 1255 1628 En,
1279 1557 1383 1628 inquit,

213 1661 237 1718 ιι
252 1660 315 1737 quis
329 1659 534 1733 paterfamilias
549 1677 670 1734 puemm
684 1661 714 1719 in
729 1661 864 1736 plateis
847 1664 1000 1732 errantem,
1023 1659 1127 1718 laceris
1148 1659 1284 1732 vestibus,
1309 1658 1384 1718 lame

212 1769 395 1838 maceratum,
417 1763 513 1823 scabie
533 1781 646 1838 qnoque
664 1745 762 1825 forsan
781 1767 969 1839 laborantem,
993 1764 1043 1837 qui
1061 1749 1167 1822 nullius
1187 1762 1264 1837 frugi
1284 1764 1383 1828 videa·

212 1874 285 1942 tur,
297 1873 464 1942 conspectus
486 1867 574 1928 fuerit
596 1875 626 1928 et
647 1867 753 1928 hunc'
745 1887 775 1929 nn
799 1871 912 1930 domum
935 1885 1015 1928 suam
1038 1868 1183 1928 ιιιιιιιι
1206 1881 1302 1928 secum
1333 1866 1384 1926 filii

211 1975 274 2033 loco
289 1975 388 2058 sedulo
404 1974 525 2036 enutriri
544 1973 663 2048 cprarit,
687 1973 768 2032 unice
788 1974 865 2033 hunc
883 1978 959 2033 amet
978 1973 1057 2032 Talia
1077 1989 1159 2048 puer,
1183 1989 1350 2046 quanquam
1366 1990 1383 2032 a

213 2076 416 2151 patrefamilias
431 2077 580 2160 diligatur,
604 2077 740 2158 nunquid
758 2083 854 2138 tamen
874 2079 955 2138 dabit
970 2095 1097 2152 operam,
1121 2083 1154 2136 ιι
1172 2078 1203 2135 ιι
1218 2072 1253 2136 ea
1267 2084 1326 2151 qna
1341 2077 1386 2136 di-

212 2181 310 2255 ligitur
325 2181 475 2242 dilectione
492 2184 668 2254 permaneat,
692 2200 729 2241 an
748 2199 779 2242 se
797 2185 953 2262 lurconem,
976 2181 1151 2241 ardelionem
1170 2182 1384 2256 immorigerum

212 2265 362 2360 praebebit,
386 2303 443 2359 quo
458 2286 482 2344 is
497 2287 545 2358 qui
561 2301 625 2345 eum
638 2287 669 2345 in
684 2286 773 2345 filium
788 2286 969 2380 adoptaverit
983 2287 1044 2358 ejus
1064 2285 1152 2344 taedio
1172 2282 1314 2343 afficietur
1329 2289 1383 2344 etc.

213 2391 310 2463 Pater,
334 2390 436 2463 inquit,
460 2395 558 2450 tenere
573 2395 650 2450 amat
663 2391 768 2452 liberos
784 2398 813 2452 et
827 2389 997 2453 unde‘boo‘?
1027 2389 1132 2450 Nonne
1153 2387 1335 2449 exnatura?
1355 2395 1384 2448 et

213 2498 308 2552 tamen
322 2490 398 2552 iilius
412 2495 442 2552 in
457 2500 568 2567 patrem
583 2499 785 2570 contumacior,
808 2512 905 2560 omnes
921 2483 1248 2582 facultates'dilapidans
1270 2494 1384 2553 adhaec

213 2599 319 2657 nullam
334 2598 556 2659 admonitionem
570 2601 690 2663 admitta
647 2605 712 2664 ιιιι
721 2595 888 2675 Numquid
902 2602 1012 2675 storgia
1029 2599 1152 2658 illat
1101 2603 1152 2672 pat
1153 2615 1223 2658 erna
1237 2605 1382 2674 retrogre-

214 2703 336 2762 ditaret
323 2707 400 2776 tpat
401 2719 434 2762 ιι
387 2700 556 2763 vtultum
575 2702 687 2794 avertat
706 2723 759 2796 nec
779 2725 841 2766 eam
863 2723 920 2780 qua
938 2705 1017 2780 prius
1038 2721 1102 2763 eum
1116 2704 1382 2776 complexnsdilec·

213 2809 319 2867 tionem
335 2825 403 2882 erga
417 2809 509 2881 ipsum
525 2811 659 2871 servabit
691 2813 783 2870 Sioet
797 2810 878 2872 nobis
897 2808 1016 2880 accidet,
1040 2810 1064 2866 si
1084 2825 1143 2867 non
1164 2823 1217 2881 pro
1238 2814 1383 2883 praecepto

214 2911 341 2972 curisti
333 2931 364 2971 m
379 2913 529 2992 dilectione
544 2917 604 2988 ejus
620 2915 870 2990 permanserimus.
902 2913 958 2973 Sed
973 2914 1050 3000 dices
1065 2911 1154 2970 ιιιιι.
1175 2911 1306 2972 Christus
1321 2919 1385 2972 erat

213 3016 292 3076 Deus
308 3023 337 3076 et
352 3019 436 3079 homo
452 3024 515 3080 erat
534 3017 677 3092 perfectus
697 3021 727 3078 in
748 3019 877 3078 omnibus
898 3019 961 3076 sine
983 3017 1060 3077 omni
1080 3020 1197 3090 peccato
1217 3024 1270 3077 etc.
1309 3018 1385 3104 Huic

122 3140 126 3145 ·
213 3119 296 3182 facile
311 3129 374 3183 erat
388 3125 477 3196 patris
492 3123 642 3196 praeoeptls
660 3139 713 3196 per
732 3123 826 3184 omnia
844 3123 991 3182 inservire.
1030 3123 1094 3195 Ego
1114 3128 1210 3188 autem
1229 3124 1317 3181 miser
1331 3122 1383 3181 bo·

213 3225 325 3287 mancio
339 3219 474 3300 peccator
488 3244 551 3288 sum
565 3227 692 3318 undique
707 3229 782 3287 vitiis
790 3233 925 3300 scatens,
949 3227 998 3300 qui
1017 3227 1150 3301 impleam
1170 3227 1289 3298 ipsemet
1307 3242 1383 3300 prae

213 3338 279 3405 cept
279 3348 327 3389 um
349 3315 474 3389 Christi?
510 3332 615 3405 Exigui
637 3334 732 3404 operis
755 3334 819 3409 erit,
843 3332 870 3390 ιι
888 3337 967 3391 necta
986 3333 1116 3390 voluntas
1136 3335 1166 3388 et
1187 3329 1280 3390 condia
1301 3332 1384 3425 sedu-

212 3434 279 3492 litas
295 3434 380 3507 adsit,
403 3432 456 3493 hoc
472 3441 524 3510 est,
548 3441 580 3495 nt
595 3451 631 3494 en
639 3435 730 3498 eorde
750 3453 823 3510 puro
839 3443 868 3495 et
887 3452 1006 3509 syncero
1022 3435 1128 3495 Christi
1147 3441 1294 3510 praecepta
1307 3419 1382 3510 prae-

214 3543 298 3598 stare'
305 3539 403 3614 cupias
419 3543 447 3598 et
467 3539 595 3612 quotidie
614 3545 642 3598 ιι
656 3541 692 3598 'in
711 3541 756 3598 iis*
767 3557 910 3601 exerceas.
949 3540 1120 3625 Quidenim
1139 3540 1193 3600 sibi
1212 3541 1282 3612 vnlt,
1307 3541 1384 3614 qaod

214 3642 309 3704 David
330 3643 391 3705 ait?
414 3645 509 3704 emnia
530 3647 638 3704 statuta
658 3651 709 3704 ιιι
730 3647 856 3718 servavi,
881 3647 987 3719 quippe
1007 3646 1056 3719 qui
1075 3644 1250 3715 adulterium
1268 3647 1382 3704 commi-

213 3730 297 3822 serit,
321 3747 422 3816 Uriam
441 3765 554 3808 servum
574 3765 656 3826 suum
676 3747 870 3810 fidelissimum
889 3748 1011 3809 interfici
1027 3750 1146 3823 jusserit
1165 3753 1235 3821 cta,
1259 3751 1311 3810 sed
1330 3752 1384 3810 uti·

215 3867 270 3924 que
284 3855 419 3924 servavit.
449 3854 524 3912 Nam
545 3855 599 3912 etsi
617 3855 713 3928 lapsus
733 3859 805 3928 erat,
828 3861 924 3915 tamen
944 3855 1056 3914 avidam
1076 3839 1250 3912 voluntatem
1267 3871 1384 3915 servan·

215 3956 316 4016 dorum
331 3958 531 4018 mandatorum
546 3958 652 4038 dondni
667 3961 796 4019 retinuit.
829 3959 876 4020 Sic
891 3955 921 4019 et
933 3975 996 4032 nos,
1020 3961 1044 4020 si
1060 3975 1095 4019 ex
1110 3975 1184 4032 puro
1205 3959 1291 4018 eorde
1306 3975 1384 4024 mau-

215 4060 284 4122 data
298 4061 353 4125 Dei
372 4079 489 4125 servare
509 4061 672 4128 studeamus
691 4065 722 4124 ἰι
743 4067 785 4150 sic
804 4065 834 4122 in
854 4044 1006 4124 dilectione
1025 4064 1273 4138 permanserimus.
1311 4063 1383 4124 Pro·

214 4161 289 4225 fecto
305 4167 415 4238 etiamsi
429 4167 533 4226 alicubi
547 4167 677 4227 labamur
692 4173 722 4228 et
735 4173 836 4262 postea
852 4167 890 4230 ad
905 4185 955 4227 eor
968 4161 1145 4228 revertentes
1161 4185 1218 4228 non
1232 4169 1384 4237 innitentes

210 4271 319 4329 ,nostris
334 4273 477 4346 operibus,
500 4271 580 4331 Deus
594 4273 677 4332 nobis
692 4257 824 4346 respectu
837 4270 890 4330 filii
905 4274 949 4330 sui
963 4273 1065 4332 omnia
1082 4273 1266 4333 condonabit.
1297 4273 1384 4333 Novit

215 4376 290 4433 enim
306 4376 435 4436 dominus
450 4377 533 4436 nobis
549 4379 672 4450 compati
686 4393 744 4436 non
764 4393 845 4466 secus
866 4377 942 4438 acsi
963 4378 1036 4450 quis
1046 4375 1251 4479 patepfamiiias
1272 4393 1384 4446 servum

215 4479 320 4540 habeat
334 4460 387 4541 sibi
402 4484 574 4553 morigerum
594 4495 652 4540 non
672 4481 710 4539 ad
731 4481 841 4552 oculum
861 4482 1032 4542 servientem
1053 4472 1083 4539 ιι
1101 4487 1181 4542 recta
1202 4499 1272 4556 erga
1291 4485 1384 4560 ipsum
