3046 5104
680 453 742 518 ios

118 635 150 692 in
175 634 310 694 absentio
337 634 463 707 ipsorum
490 633 585 694 illatos
606 630 726 709 injurius
754 636 848 696 comiti
874 637 1033 696 uiiessev
1061 639 1293 712 conquerulotum

118 739 229 814 abiere.
417 741 421 750 '
1207 745 1211 751 '

212 843 317 902 biorus
339 842 454 918 librum,
477 843 508 902 in
528 859 589 918 quo
605 842 765 924 herbertim=
779 841 878 918 fignrae
899 847 958 904 suis
977 845 1120 924 coloribus
1140 847 1178 906 ad
1199 849 1296 918 vivum

120 949 246 1024 depicta
261 951 344 1008 oraui
359 953 389 1008 et
403 949 489 1008 alium
504 949 534 1007 in
549 965 581 1008 re
596 948 707 1009 medica
721 947 892 1009 revendidit.
960 966 963 972 ·

212 1053 348 1112 Gerulum
362 1052 529 1112 u'Stookem
548 1054 617 1126 quio
631 1054 736 1128 soepius
755 1054 935 1113 invitavimus
954 1070 990 1113 ne
1007 1056 1130 1115 morosis
1143 1057 1293 1115 murmuri-

120 1159 174 1218 bus
189 1174 264 1218 ense
280 1157 409 1231 daretur,
432 1173 487 1232 pro
502 1159 635 1234 expensis
649 1158 738 1233 ipsius
754 1173 903 1218 oeconomo
918 1157 1001 1218 iusto
1020 1157 1194 1220 Golbochero
1209 1157 1294 1220 dore·

121 1280 188 1322 num
205 1277 326 1322 aureum
341 1261 480 1322 dedimus.
540 1275 543 1280 “

212 1367 324 1426 Eadem
339 1359 537 1442 Miioblingum
556 1365 595 1444 ud
613 1367 714 1448 ducem
725 1369 889 1428 ‘Ernestum
908 1371 1067 1442 proliteris
1089 1376 1142 1429 etc.
1159 1370 1294 1442 misimus,

120 1473 172 1532 sed
191 1470 312 1531 frustra.
349 1471 460 1532 Eadem
481 1471 603 1531 famulus
623 1473 762 1532 licentiati
783 1473 896 1533 Nicolai
916 1473 1011 1533 Meier
1031 1475 1167 1548 scriptum
1188 1473 1294 1548 suppli-

120 1577 246 1638 cationis
267 1572 604 1636 adferens’Atrebatensi
624 1577 716 1636 nostri
735 1577 850 1636 nbmiue
869 1577 1054 1638 offerendum.
1085 1575 1205 1638 Femulo
1220 1580 1295 1639 botzi

120 1697 173 1740 sex
189 1680 253 1740 dati
267 1681 342 1743 sunb
1295 1735 1299 1750 ,

213 1783 343 1844 Maxima
356 1785 412 1844 Dei
426 1786 517 1859 patris
532 1783 577 1845 ire
592 1791 622 1846 et
641 1791 741 1845 nostru
760 1785 846 1862 (proh
868 1781 961 1862 dolor)
983 1785 1192 1859 impoenitentia
1212 1785 1294 1866 odeo-

120 1899 183 1951 tum
199 1895 254 1963 est,
270 1896 303 1948 nt
316 1888 415 1949 videre
431 1891 577 1950 esset‘huo
590 1891 653 1964 ipso
670 1890 726 1965 die,
749 1873 924 1949 cardinalem
938 1889 1137 1962 Augustarum
1152 1907 1170 1948 a
1185 1889 1294 1948 Truck·

120 2012 167 2055 ses
183 1999 394 2054 sacramentum
410 1993 456 2070 (ut
469 1995 524 2068 ipsi
538 1991 707 2068 loquuntur)
719 1991 942 2053 confirmationis
955 1993 1164 2068 administrare,
1173 1999 1203 2053 et
1214 1973 1299 2054 tenta

120 2099 263 2160 sanctitas
282 2093 335 2172 per
355 2115 386 2158 se
406 2099 436 2158 id
454 2097 550 2158 fucere
566 2099 684 2174 dignata
707 2104 758 2172 est,
783 2101 847 2156 cum
861 2099 909 2158 vix
924 2085 1011 2166 unum
1023 2099 1086 2170 jota
1101 2113 1190 2156 sucrae
1205 2101 1295 2174 scrip-

52 2274 57 2284 ,
120 2203 196 2264 tures
212 2203 266 2279 pio
282 2208 419 2278 suggestu
440 2201 501 2286 fari
516 2195 631 2265 audeat.
665 2203 801 2262 Curatum
822 2209 917 2263 entem
939 2205 976 2262 eb
999 2219 1032 2284 eo
1055 2207 1108 2277 cst,
1132 2209 1164 2262 nt
1184 2205 1208 2262 si
1221 2202 1297 2265 forte

120 2309 287 2382 Augustani
305 2309 372 2367 huic
391 2309 516 2369 vesanire
537 2326 595 2368 non
614 2309 708 2368 stetim
733 2309 959 2381 subscriberent,
982 2309 1082 2367 rustici
1104 2309 1209 2368 Bavari
1234 2326 1297 2368 cum

121 2415 183 2474 suis
198 2413 298 2474 liberis
313 2410 454 2488 adforent,
479 2413 555 2486 qnod
570 2417 600 2472 et
618 2411 725 2473 iactum
746 2419 798 2472 est.
829 2413 993 2495 Ferebatur
1013 2428 1125 2486 quoque
1146 2411 1297 2474 nonnullos

122 2531 182 2578 aere
199 2533 263 2578 esse
282 2517 448 2592 conductos,
472 2516 598 2587 uthans
617 2496 808 2578 caerimomam
828 2519 1016 2592 susciperent.
1051 2519 1173 2592 ¹Reperti
1187 2523 1254 2578 sunt
1269 2525 1298 2578 et

121 2611 299 2683 interrivos
321 2621 520 2697 Augustanos,
546 2623 594 2696 qui
617 2622 654 2682 ob
675 2623 730 2681 hoo
752 2622 923 2685 dominicum
944 2620 1163 2694 frequentarent
1185 2623 1296 2696 siguum

122 2724 350 2788 confirmationis
366 2717 567 2800 suae‘perfidie
580 2728 613 2785 in
629 2725 773 2788 Christum
788 2743 806 2786 o
821 2725 965 2797 cardinale
981 2726 1162 2799 excipientes.
1297 2704 1301 2712 .

214 2833 240 2891 A
263 2825 385 2906 prandio
404 2847 474 2892 vero
495 2831 620 2892 Micheel
638 2832 687 2908 ilie
706 2829 823 2889 ictinus
843 2829 1003 2903 Moguntiae
1023 2831 1129 2905 praesul
1148 2829 1233 2904 hujus
1253 2829 1296 2890 fa'·

122 2939 200 3001 bulae
216 2937 398 3012 coryphaeum
414 2937 481 3010 egit.
545 2919 547 2927 Α
839 3015 840 3022 ¹
1241 2963 1244 2970 ι

214 3043 348 3114 Domine,
363 3057 453 3114 usque
468 3057 534 3114 quo,
556 3056 624 3106 num
639 3041 669 3099 in
684 3045 855 3115 perpetuum
869 3041 915 3100 ina
929 3044 980 3099 tna
996 3037 1151 3099 desaeviet?
1181 3039 1298 3112 Exurge

123 3147 267 3223 etjudica
280 3149 401 3206 terram!
432 3137 494 3206 Nos
515 3145 630 3218 quidem
651 3143 779 3205 confusio
799 3141 893 3220 decet,
913 3145 994 3219 impii
1014 3149 1118 3217 autem,
1143 3142 1297 3216 odomine,

124 3269 231 3314 nomen
244 3257 325 3311 tuum
342 3251 589 3326 blasphemabunt,
613 3249 751 3310 dieentes:
774 3251 841 3311 Nou
859 3229 906 3310 est
926 3249 983 3308 iliis
1005 3264 1070 3323 spes
1090 3247 1120 3306 in
1140 3247 1204 3306 Deo
1223 3247 1298 3320 ipsu·

123 3375 200 3418 rum.
232 3339 367 3416 Omnibus
381 3355 594 3432 permissurum
608 3356 724 3430 ignosce
739 3361 769 3414 et
788 3357 910 3416 nominis
928 3356 971 3414 tui
990 3354 1110 3428 gloriam
1130 3369 1234 3412 assere.
1265 3351 1298 3412 Iu

124 3471 154 3524 te
169 3461 357 3543 rogamus-ob
373 3460 517 3529 Christum
532 3462 677 3522 dominum
691 3458 829 3520 nostrum.
861 3459 962 3520 Amen.
1033 3513 1036 3516 .
1137 3461 1140 3474 ¹

217 3565 449 3626 constantienses
470 3551 582 3626 catoris
596 3562 723 3650 urbibus
735 3567 830 3626 animo
850 3567 1042 3652 constantiore
1061 3561 1071 3599 ¹
1091 3563 1207 3622 interim
1227 3560 1299 3626 illud

126 3687 191 3732 osse
204 3670 346 3730 dicuntur.
369 3669 450 3728 Deus
465 3669 521 3728 iliis
535 3650 725 3754 constantiam
740 3669 808 3730 fidei
823 3687 854 3729 se
864 3671 984 3745 diguam
998 3669 1141 3742 impertiri
1156 3667 1298 3738 dignetur.

216 3775 277 3848 xxii
291 3775 365 3848 Muji
385 3775 511 3850 Joanues
531 3773 622 3836 frater
643 3781 672 3835 et
693 3762 895 3850 ego'ooncioni
914 3789 1004 3833 sacres
1024 3770 1199 3844 Woiffgangi
1217 3769 1298 3828 Mus·

128 3881 187 3942 culi
201 3879 432 3954 interfueramus,
456 3860 505 3954 uui
521 3887 634 3955 ex'oap.
655 3881 693 3939 15
712 3879 834 3940 Joannis
849 3880 910 3936 haec
926 3877 1026 3936 verba:
1052 3877 1103 3935 <si
1123 3877 1186 3948 quis
1206 3876 1236 3933 in
1254 3891 1300 3932 mc

128 4003 189 4046 non
204 3970 351 4058 manserit,
376 3985 484 4058 ejectus
500 3989 544 4043 est
558 3983 636 4044 iores
652 3986 724 4043 sicut
739 3985 847 4060 palmes
863 3988 893 4043 et
907 3983 1028 4055 exaruit,
1053 3986 1083 4040 et
1100 3971 1235 4054 colligant
1250 3995 1299 4039 eos

126 4097 157 4151 st
171 4093 203 4149 iu
218 4091 313 4164 ignem
327 4081 482 4162 conjiciunt
497 4095 526 4148 et
540 4087 663 4148 ardent«
681 4095 735 4149 etc.
752 4089 925 4164 explanavit,
942 4086 1046 4146 docens
1061 4071 1203 4159 quomodo
1214 4068 1299 4144 'otri-

127 4201 190 4255 stus
205 4194 350 4268 prioribus
366 4194 460 4253 verbis
476 4197 620 4269 apostolos
636 4195 727 4253 amice
742 4195 911 4254 adhortatus
923 4193 1008 4275 sitin
1026 4184 1209 4250 similitudine
1223 4191 1299 4263 vitis,

127 4306 159 4362 et
172 4304 208 4358 ut
225 4301 256 4358 in
276 4299 339 4374 ipso
360 4297 509 4358 manerent
528 4315 561 4358 ao
581 4298 704 4374 frustum
725 4301 755 4358 in
776 4309 811 4358 eo
829 4297 948 4370 iemeut,
972 4313 1006 4356 ac
1026 4311 1090 4370 queo
1111 4295 1301 4354 emolumenta

192 4409 194 4414 ’
540 4411 543 4416 ’
706 4429 722 4466 a

149 4512 157 4524 ”
205 4496 330 4566 lebuiru
347 4513 470 4565 iuterim?
512 4512 515 4518 '
755 4501 759 4512 ⁴
