3046 5104
608 440 609 444 ’
679 423 742 495 id?

106 600 190 666 Nam
213 608 275 666 sive
297 607 430 682 vivimus,
455 607 568 668 domino
590 609 724 684 drimus,
748 611 808 670 sire
830 612 980 686 morimur,
1005 609 1118 676 domino
1141 615 1289 676 morimur.

106 713 183 771 Sive
196 713 286 786 igitur
301 713 437 786 vivamus,
460 714 520 772 sive
535 713 699 788 moriamur,
723 715 830 773 domini
849 733 955 776 sumus.
991 719 1025 776 Iu
1044 719 1099 776 hoc
1119 721 1194 778 euim
1210 720 1291 779 Chri·

106 823 176 876 stus
196 823 227 876 et
247 823 377 876 mortuus
399 823 444 876 est
464 823 494 876 et
513 819 671 879 resurrexit
692 825 722 878 et
743 819 860 895 revixit,
884 827 917 880 ut
937 823 1056 882 mortuis
1076 837 1110 880 ac
1129 823 1290 883 viventibus

106 920 298 979 dominetur«
315 925 370 979 etc.
389 919 517 994 Repetiit
531 923 631 996 primo,
649 939 713 995 qna
728 924 862 983 hesterno
878 925 925 983 die
939 924 1086 984 docuerat.
1107 925 1219 984 Deinde
1234 927 1288 985 ait:

106 1025 233 1084 Utinam
257 1025 347 1098 probe
368 1023 431 1081 hac
450 1025 574 1098 apostoli
593 1027 681 1085 uerba
701 1027 943 1100 perpenderemus
964 1035 994 1088 et
1012 1042 1111 1087 verum
1126 1044 1160 1087 ac
1174 1029 1289 1087 unicum

39 1143 41 1150 ‘
107 1130 260 1188 doudnum
281 1133 412 1188 nostrum
433 1129 532 1188 Jesum
555 1127 698 1188 Christum
721 1147 953 1206 agnosceremus,
981 1135 1186 1206 recogitantes,
1211 1133 1290 1206 quod

107 1234 145 1307 is,
172 1235 219 1292 cui
238 1233 430 1292 obedientiam
448 1240 587 1308 prestare
602 1239 743 1308 tenemur,
760 1240 789 1294 et
809 1251 867 1294 uon
888 1239 929 1296 ita
943 1238 1063 1296 invicem
1083 1253 1135 1296 nos
1152 1237 1303 1297 derebus·

107 1337 225 1397 frivolis
236 1337 439 1411 judicaremus.
470 1338 691 1410 Perpaucisslmi
707 1355 743 1398 ex
762 1341 843 1400 uobis
859 1347 935 1415 sunt,
952 1342 1000 1414 qui
1017 1357 1131 1400 causam
1146 1341 1290 1416 passionis

108 1448 140 1502 et
155 1442 376 1502 resurrectionis
393 1441 507 1516 Cluisti,
531 1459 615 1514 quam
635 1441 689 1502 hic
696 1439 804 1504 Paulus
823 1445 915 1519 pouit,
938 1445 1132 1518 considerant,
1155 1447 1288 1504 nimirum

108 1547 191 1618 quod
212 1546 343 1605 Christus
362 1547 392 1604 in
412 1545 488 1604 hune
507 1547 643 1606 muudum
663 1551 751 1624 venit,
775 1549 852 1622 quod
872 1567 925 1610 uos
944 1550 1088 1609 redimens
1107 1551 1237 1610 rivorum
1257 1554 1288 1610 et

107 1656 292 1709 mortuorum
313 1651 519 1710 dominaretur.
556 1652 651 1712 Taceo
673 1655 802 1728 inquam,
827 1654 898 1728 quid
919 1653 1001 1714 uobis
1022 1669 1080 1714 uon
1102 1653 1287 1714 desecando

108 1753 179 1812 fidei
194 1755 317 1814 articulo
333 1756 476 1814 obveniat.
505 1757 545 1814 Et
563 1757 594 1813 iu
608 1756 707 1815 Jesum
723 1757 867 1816 Christum
881 1755 971 1816 filium
986 1759 1131 1816 dominum
1145 1764 1285 1830 nostrum,

109 1860 161 1931 qui
176 1875 232 1917 nos
247 1866 305 1918 taur
321 1875 387 1920 care
403 1861 587 1936 comparavit,
612 1875 669 1920 uon
683 1862 822 1934 sanguiue
841 1862 996 1920 uitulorum
1015 1867 1045 1919 et
1058 1862 1210 1934 hircorum,
1234 1859 1286 1918 sed

109 1979 162 2021 suo
177 1963 269 2036 ipsius
284 1966 415 2037 precioso
431 1966 578 2042 sanguina,
595 1969 627 2023 ut
641 1981 678 2023 ex
691 1965 782 2024 Paulo
797 1965 836 2025 ad
845 1964 1009 2026 Corinthios
1025 1971 1054 2023 et
1068 1981 1103 2022 ex
1119 1965 1239 2037 epistola
1254 1963 1283 2042 d.

108 2068 193 2126 Petri
208 2069 301 2140 prima
315 2068 415 2141 liquet.
447 2069 494 2128 Sic
509 2085 623 2142 quoque
644 2067 782 2143 baptizati
797 2085 894 2128 sumus
909 2069 1067 2128 innomine
1082 2069 1173 2142 patris
1188 2067 1285 2128 etthi

109 2178 140 2230 at
154 2173 275 2244 spiritus
290 2189 313 2231 s.
336 2173 392 2231 ilic
406 2172 537 2234 dominus
546 2174 632 2232 Jesus
648 2153 732 2234 datus
747 2178 792 2259 est
806 2172 888 2232 nobis
903 2189 959 2247 pro
972 2174 1121 2247 advocato,
1136 2173 1241 2232 Joauu.
1253 2175 1283 2246 2,

109 2281 140 2335 et
154 2277 241 2335 unico
255 2277 422 2338 mediatore.
460 2278 546 2336 Hunc
565 2279 602 2337 ob
616 2280 808 2338 reverentiam
828 2271 909 2337 suam
924 2283 1054 2338 orantem
1068 2294 1122 2352 pro
1137 2276 1219 2336 uobis
1233 2292 1286 2350 pu·

108 2387 155 2440 ter
169 2381 299 2440 exaudiit
315 2387 347 2440 et·
359 2382 487 2454 quotidie
503 2383 636 2457 exaudit,
659 2399 712 2442 uec
727 2390 794 2443 suut
808 2389 915 2458 pmter
929 2383 1005 2443 huuc
1020 2385 1070 2443 alii
1085 2383 1130 2442 uel
1144 2382 1284 2442 mediato·

108 2502 157 2546 res
172 2486 433 2562 velopitulatores.
453 2488 550 2560 ipsum
564 2489 654 2562 igitur
661 2490 728 2562 iure
738 2490 846 2562 optimo
861 2493 990 2548 nostrum
1005 2504 1068 2548 esso
1084 2502 1283 2562 agnoscamus,

107 2591 177 2650 huic
192 2582 366 2664 serviamus,
387 2607 446 2650 nou
467 2593 581 2651 solliciti
601 2591 636 2650 de
658 2593 721 2652 cibo
736 2599 766 2651 et
786 2598 870 2666 potu,
893 2593 986 2666 qualis
1000 2593 1027 2650 is
1041 2594 1093 2666 sit,
1117 2592 1168 2650 sed
1184 2589 1284 2650 damus

107 2711 238 2770 operam,
254 2696 390 2756 utsobrie
400 2711 464 2754 cum
478 2698 636 2769 gutiarum
646 2696 757 2754 actione
766 2702 929 2768 preterque
944 2697 1066 2770 proximi
1080 2695 1284 2756 offendiculum

108 2817 266 2873 sumamus,
283 2801 367 2873 hujus
380 2801 455 2860 euim
469 2801 576 2860 domiui
592 2817 698 2875 sumus,
713 2802 774 2859 sis-*e
789 2801 921 2875 vivimus,
931 2801 991 2860 sive
1002 2801 1149 2859 morimur.
1171 2801 1216 2860 De
1230 2801 1286 2859 hoe

109 2912 209 2966 autam
218 2906 332 2964 solliciti
342 2907 438 2977 sunus,
449 2922 505 2978 quo
516 2907 558 2965 ita
570 2908 658 2964 vitam
666 2907 858 2978 instituamus,
874 2910 907 2964 ut
924 2921 1020 2964 coram
1028 2905 1114 2977 hujus
1124 2907 1225 2964 summi
1236 2907 1284 2978 ju·

110 3011 184 3069 dicis
199 3010 337 3068 trihuuali
347 3012 503 3070 consistere
513 3025 658 3083 queamus.
682 3009 764 3067 Dixit
774 3015 803 3068 et
817 3009 900 3082 plura
913 3010 944 3068 iu
958 3009 1032 3068 hanc
1046 3011 1217 3068 sententiam
1229 3016 1284 3070 etc.

202 3115 313 3174 Eadem
327 3115 467 3176 archidux
473 3110 697 3188 Ma'ximilianuS,
713 3113 1091 3172 FerdiuaudiRomanorum
1105 3114 1182 3187 regis
1196 3111 1283 3187 tilius,

110 3221 237 3294 primum
250 3219 326 3278 inter
340 3221 454 3280 tertiam
469 3226 499 3280 et
513 3224 648 3293 quartam
662 3220 749 3278 horas
764 3219 1006 3278 antemeridianas
1020 3218 1088 3276 hinc
1101 3217 1139 3277 ab
1152 3217 1286 3292 Augusta

111 3325 347 3398 Laudtsburgum
367 3325 397 3382 in
417 3325 572 3400 Hispanias
593 3322 774 3398 profecturus
797 3321 885 3398 abiit,
901 3323 978 3397 quod
993 3322 1072 3382 Deus
1088 3329 1147 3398 opt.
1163 3339 1238 3382 max.
1254 3329 1285 3384 et

112 3431 229 3504 opunae
245 3431 307 3505 spei
321 3429 495 3490 adolescenti
511 3429 707 3488 etGermaniee
723 3430 795 3489 bene
810 3427 958 3490 fortunare
974 3429 1116 3504 dignetur.
1138 3429 1194 3489 Est
1208 3429 1285 3489 euim

112 3535 244 3608 principe
260 3535 353 3608 dignis
368 3535 494 3594 moribus
509 3511 605 3606 homo,
622 3536 671 3608 qui
686 3539 717 3594 et
729 3535 831 3609 pietati
846 3551 904 3594 nou
914 3534 1062 3594 aduersari
1076 3534 1198 3593 videtur.
1216 3533 1283 3606 Sed,

113 3638 299 3714 prohdolor,
320 3641 510 3714 periculosam
531 3637 736 3713 prosectionem
758 3642 865 3700 invitus
885 3641 946 3713 ipse
966 3641 1062 3698 subire
1084 3638 1198 3698 dicitur.
1237 3637 1285 3694 Sic

113 3743 212 3803 ierunt
226 3743 287 3802 lata
302 3743 431 3819 deorum,
446 3761 482 3803 ne
498 3745 566 3818 quiid
583 3743 650 3803 boni
665 3745 774 3803 haheat
787 3743 950 3806 Germania.
974 3743 1107 3816 Deducat
1121 3748 1151 3801 et
1165 3735 1287 3802 reducat

114 3866 179 3908 euru
195 3847 326 3908 dominus
342 3853 372 3908 et
385 3848 423 3908 ab
438 3851 587 3910 Iberorum
601 3847 702 3907 fraude
717 3854 746 3907 et
759 3846 958 3906 incredulitate
973 3851 1131 3906 conservet.
1363 3909 1368 3918 .

205 3953 250 4012 De
265 3955 395 4029 pecunia,
411 3971 464 4027 pro
479 3969 536 4027 qua
551 3969 646 4012 comes
661 3953 829 4012 Wilhelmue
851 3951 889 4010 de
901 3949 1075 4025 Hanucherg
1094 3952 1209 4024 scripsi
1222 3951 1284 4011 No·

114 4060 271 4132 rihergam,
287 4059 359 4117 nihil
373 4065 468 4118 actum
484 4064 513 4118 et
527 4056 659 4143 Etzdorif
669 4059 780 4116 litteras
795 4056 915 4114 remisit.

204 4163 317 4222 Eadem
331 4164 479 4224 liborium
499 4163 626 4221 misimus
646 4163 685 4222 ad
705 4163 836 4222 comitem
858 4159 895 4221 ab
910 4160 1049 4220 Anauone
1070 4161 1230 4222 oblitteras
1246 4160 1286 4222 ad

115 4258 310 4328 marchionem
326 4268 475 4327 albertum
490 4273 520 4326 et
534 4283 648 4327 causam
663 4283 726 4324 cum
742 4265 920 4326 Coloniense.

206 4374 385 4434 Coloniensis
405 4375 458 4434 sub
478 4388 625 4449 vesperam
645 4373 676 4432 in
699 4371 801 4432 urbem
821 4388 989 4432 reversurus
1010 4371 1129 4444 dicitur,
1151 4375 1180 4430 et
1198 4369 1286 4430 rediit

116 4495 231 4552 quoque
246 4479 357 4538 eadem.
