3046 5104
690 421 754 488 loo

176 599 178 607 ⁴
208 606 333 668 -lledem
359 601 497 684 nioghter
528 603 714 668 Sebastianus
740 601 877 666 (ihserus
910 604 992 668 nohis
1020 608 1170 684 epistolem
1199 609 1305 684 domiui

119 701 261 788 'Philippi
275 711 470 774 hielantlroois
491 710 529 772 ad
544 708 780 784 christophorum
795 709 944 772 Oarlevitn
968 712 1096 774 exhibuit
1110 731 1144 775 ao
1158 716 1305 776 nobiscnm

118 823 262 878 -coellatiitl
277 824 331 877 est.
546 881 549 888 ,
863 870 870 874 .

221 920 328 984 Oblata
343 927 388 982 est
402 919 485 982 nobis
500 921 694 982 ecclesiastico
707 918 882 995 reformatio,
903 938 967 996 qoae
983 940 1046 984 curn
1061 926 1240 986 interimeris
1259 929 1302 987 io-

127 1027 217 1088 terim
232 1031 376 1102 prognata
390 1031 444 1086 est.
469 1025 550 1086 'lunc
565 1023 659 1086 edocti
673 1041 769 1087 somus
785 1041 870 1100 quarn
885 1043 943 1088 non
958 1029 1042 1102 pauci
1057 1030 1123 1103 sint,
1143 1032 1192 1103 qni
1206 1028 1302 1090 amici·

127 1131 202 1194 tiom
217 1149 276 1192 uon
290 1129 347 1194 lide
362 1132 415 1192 sed
429 1147 562 1192 successu
577 1133 740 1192 metientur.
779 1119 782 1130 ’
1299 1121 1302 1126 ’

219 1239 407 1298 lloxerieusis
422 1239 523 1298 civim
538 1237 664 1312 qnoque
675 1235 951 1301 millieflorenornm
960 1243 1060 1303 cesari
1072 1239 1179 1314 pendet
1193 1248 1223 1300 et
1237 1257 1303 1302 cen·

127 1349 190 1405 tom
205 1357 309 1404 eureos
324 1359 378 1418 pro
392 1343 497 1404 littaris
516 1338 713 1404 obsolutionis'
723 1349 753 1403 et
767 1347 925 1420 nonaginta
943 1347 973 1404 io
996 1347 1102 1420 popina
1115 1337 1302 1406 cancellarie.

117 1449 267 1524 ¹Legimus
282 1449 384 1510 eedem
399 1449 446 1508 die
461 1447 670 1518 bramantiones
692 1449 808 1510 cesaris
830 1450 914 1525 huius
936 1449 1031 1512 Oaroii
1046 1452 1071 1512 V
1092 1468 1156 1511 com
1172 1453 1301 1512 electori·

127 1555 181 1615 bns
197 1558 228 1614 et
242 1553 364 1614 statibus
378 1553 491 1629 imperii
500 1567 588 1627 super
598 1554 657 1613 suis
672 1552 864 1616 hereditariis.
885 1555 995 1618 Eadem
1009 1559 1040 1616 in
1055 1559 1157 1631 plateis
1165 1560 1303 1634 Augustae

127 1659 309 1736 potissimum
328 1664 396 1719 unte
416 1657 494 1718 iores
513 1659 693 1735 popistornm
712 1661 793 1734 ignes
813 1660 920 1723 fiebant
938 1671 968 1724 et
991 1665 1103 1744 choree
1121 1664 1304 1726 docebuntur

128 1767 158 1826 in
172 1765 320 1840 honorem,
344 1769 377 1824 ut
390 1765 516 1839 aiebant,
532 1763 560 1824 d.
577 1765 646 1839 Viti,
664 1763 790 1824 arbitror
805 1767 876 1841 ejus,
893 1783 978 1842 quem
992 1765 1068 1827 Gelli
1082 1769 1132 1828 Vit
1146 1769 1302 1843 appellent.

217 1871 268 1945 xvj
282 1871 363 1932 iunii
375 1872 407 1930 in
420 1871 528 1946 templo
543 1869 676 1930 Meuritii
700 1870 729 1930 d.
745 1870 764 1930 J
765 1884 874 1930 oannes
888 1869 1031 1932 Henricus
1045 1873 1189 1946 reliquom
1203 1875 1301 1932 lectio-

127 1979 187 2053 uis,
204 1991 294 2052 quarn
307 1977 354 2038 die
368 1977 451 2037 lovis
465 1977 595 2052 proximo
611 1977 709 2051 elepsa
723 1991 869 2048 exponere
891 1992 1044 2052 eggressus
1060 1983 1112 2053 est,
1129 1977 1302 2052 explanavit,

127 2082 286 2144 osteudens
302 2080 444 2156 quomodo
460 2079 488 2141 d.
504 2081 612 2145 Paulos
627 2083 657 2142 in
671 2082 725 2142 hoo
741 2075 839 2158 capite
850 2087 890 2142 14
904 2098 962 2143 non
976 2099 1035 2144 uno
1050 2089 1218 2159 argumento
1234 2074 1306 2144 conf

124 2190 288 2250 tentonem
301 2188 381 2248 illem
396 2186 508 2248 futilem
523 2203 559 2248 ex
575 2189 751 2249 ouimistam
765 2187 935 2249 iudeorum
957 2203 1042 2263 qoam
1058 2190 1184 2264 gendum
1198 2189 1301 2250 rodici-

129 2298 175 2355 to's
190 2295 318 2356 eximere
332 2299 453 2354 conatus
469 2293 516 2369 sit,
532 2294 710 2368 potissimum
723 2293 832 2368 jndicio
848 2292 955 2354 Christi
970 2295 1034 2355 illos
1050 2295 1208 2356 deterrens.
1240 2295 1303 2356 iloo

130 2407 226 2463 entem
238 2401 305 2461 loco
319 2398 395 2469 idom
409 2399 536 2464 Joaones
550 2398 692 2460 Esuriens
714 2399 810 2459 ndns
831 2403 1003 2475 potestatem
1018 2397 1123 2460 Christi
1145 2401 1301 2476 scripturo·

131 2523 196 2570 rum
212 2505 383 2568 testimoniis
397 2503 493 2580 palem
510 2500 677 2595 sfflrmevit,
703 2505 833 2566 indicans
853 2506 996 2592 quomodo
1011 2507 1056 2566 hio
1072 2506 1201 2569 dominns
1212 2507 1303 2582 jndex

130 2618 264 2678 vinorum
283 2617 315 2671 et
332 2614 510 2670 mortuorum
532 2611 702 2670 constitutus
723 2617 753 2670 et
773 2627 858 2684 qnam
875 2613 985 2674 nullius
1005 2629 1135 2687 personae
1154 2617 1303 2686 respector

129 2723 176 2783 sit.
199 2721 274 2781 Item
289 2715 367 2792 qnod
381 2721 503 2776 venture
517 2716 555 2776 sit
568 2714 642 2775 hora
655 2715 706 2780 iilo
721 2721 750 2774 et
765 2715 825 2775 dios
840 2717 870 2775 io
890 2733 947 2791 qua
962 2716 1092 2780 Christus
1115 2733 1167 2777 rex
1181 2735 1238 2793 pro
1246 2719 1300 2778 tri·

129 2825 229 2887 bnnali
244 2823 349 2883 sedens
363 2821 400 2881 eb
414 2819 545 2880 omnibns
560 2819 729 2880 mortohhos
751 2821 819 2882 vitae
838 2821 884 2880 vel
899 2837 1052 2898 perperam
1067 2825 1112 2882 vel
1133 2824 1223 2897 probe
1237 2841 1303 2900 per·

130 2935 203 2993 aciae
219 2935 249 2990 et
264 2929 405 2989 dictorum
424 2926 564 2986 rationem
587 2929 758 2999 accepturos
772 2927 818 2984 sit.
854 2926 893 2987 lit
908 2941 992 3002 quarn
1006 2927 1162 2988 benevolos
1177 2933 1207 2989 et
1219 2930 1303 2989 mise·

130 3035 270 3098 ricors'iu
284 3047 334 3094 eos
348 3029 475 3105 iuturus,
501 3031 552 3104 qui
573 3047 608 3092 ex
627 3037 708 3090 recto
729 3031 876 3092 voluntate
896 3038 926 3092 et
940 3034 1022 3094 omni·
1035 3035 1139 3094 mentis
1154 3036 1302 3095 conamine

130 3141 248 3203 Christo
262 3137 386 3199 fidentes
409 3137 498 3199 verbo
517 3137 579 3210 ejus
604 3142 634 3196 et
652 3135 795 3196 mandmis
817 3137 847 3196 in
870 3136 925 3198 bac
944 3139 1004 3198 vita
1024 3136 1215 3198 obedientiam
1230 3155 1303 3214 prse-

131 3252 209 3308 stere
224 3246 352 3320 copiunt.
390 3245 502 3304 Rursus
526 3257 614 3316 quem
630 3246 762 3305 onomius
777 3244 807 3302 iu
823 3257 889 3319 eos,
905 3246 962 3318 ¹qui
984 3244 1081 3304 mundi
1097 3243 1237 3305 elementa
1251 3241 1301 3304 eli-

122 3357 232 3429 ¹gentes
247 3349 324 3409 omni
335 3348 483 3423 idolatria,
497 3347 641 3422 snperbia,
658 3346 772 3408 luxurie
787 3352 817 3407 et
830 3349 862 3409 id
876 3361 966 3424 genus
985 3349 1119 3410 vitiorum
1141 3355 1303 3426 contempto

131 3471 231 3519 eorum
247 3456 390 3516 salvatore
405 3455 516 3529 seipsos
531 3459 767 3528 conspurcarunt.
792 3453 897 3516 Obiter
904 3471 1017 3531 qnoque
1027 3457 1142 3532 docens,
1159 3458 1243 3531 quale
1255 3459 1302 3532 jn·

131 3562 239 3624 dioium
253 3563 288 3636 is,
304 3562 355 3635 qui
369 3575 400 3619 se
416 3571 529 3634 aequom
540 3557 665 3634 jndicem
679 3567 819 3636 prestere
834 3561 891 3622 dici
904 3542 982 3636 velit,
1009 3560 1087 3622 ferre
1102 3561 1215 3622 debeat.
1246 3563 1302 3623 Lo·

131 3671 309 3728 comantem
318 3666 409 3732 hone:
425 3665 499 3726 Vivo
508 3681 562 3739 ego
577 3665 648 3726 dicit
657 3664 797 3739 domiuus,
814 3683 872 3726 non
884 3667 1010 3728 delector
1021 3673 1114 3727 morte
1129 3667 1217 3742 impii,
1234 3668 1304 3741 quin

131 3773 224 3849 magis
240 3787 304 3832 com
318 3775 481 3830 revertetur
495 3771 599 3845 impios
616 3773 646 3831 in
661 3773 708 3832 vio
723 3787 776 3832 sua
791 3776 821 3830 et
835 3772 947 3832 vixerit.
981 3769 1186 3833 convertimini
1200 3769 1236 3830 do
1250 3771 1304 3831 viis

121 3877 238 3939 vestris
251 3876 349 3950 malis,
374 3891 426 3935 our
449 3876 523 3935 enim
542 3876 703 3935 moriemini
723 3875 823 3934 domus
837 3876 963 3936 -Isruelie
985 3891 1020 3936 ex
1035 3891 1098 3950 cap.
1116 3877 1155 3934 33
1172 3876 1305 3936 Ezechiel

119 3983 293 4044 loculenter
308 3981 449 4056 exposuit.
480 3979 541 4040 Noe
562 3979 833 4055 commonefaciens,
850 3981 981 4058 quiores
996 3996 1027 4040 se
1042 3981 1084 4039 sic
1097 3981 1251 4057 heberent,
1272 3987 1305 4041 ut

135 4090 258 4164 quisque
270 4094 326 4162 pro
341 4087 451 4164 seipso
466 4085 607 4144 rationem
622 4085 788 4146 redditurus
803 4087 854 4160 sit,
874 4090 958 4146 conte
979 4087 1009 4145 io
1024 4085 1079 4145 hoc
1094 4083 1189 4146 secolo
1204 4086 1303 4146 amhn·

133 4194 274 4266 loremos,
300 4207 389 4252 unum
407 4192 508 4252 Jesnnr
527 4189 671 4251 Christum
691 4191 899 4265 redemptorem
919 4197 949 4251 et
963 4191 1134 4253 salvatorem
1148 4209 1305 4267 agnoscen·
1343 4250 1349 4260 ,

134 4304 188 4374 tes,
206 4313 301 4372 quem,
311 4299 342 4358 ‘ei
357 4301 442 4357 extra
453 4297 546 4373 ipsum
560 4297 648 4358 vitam
662 4297 879 4371 instituerimus,
892 4296 1241 4370 judicem'seveiissimun
1256 4315 1305 4358 ex-

134 4405 249 4480 perturi
263 4405 361 4479 simus,
377 4409 511 4464 aventes
525 4403 640 4462 interim
654 4417 691 4462 ne
705 4402 826 4464 invicem
841 4417 893 4463 nos
907 4389 992 4462 iaoiie
1004 4401 1205 4477 judicaremus.

224 4509 252 4570 l
267 4509 403 4572 concione
417 4509 571 4584 hospitium
586 4509 735 4574 wilhelmi
747 4509 868 4585 comitis,
890 4520 948 4584 quo
958 4509 1094 4584 jamtum
1108 4507 1212 4570 Florus
1226 4509 1303 4572 ehie-
