3046 5104
693 413 755 478 tet

123 593 293 670 Friderich,
314 595 409 656 siteen
420 594 472 656 uir
485 593 541 670 hir,
565 594 643 655 vund
656 593 766 662 redeun
776 611 838 667 ,uon
852 594 1025 674 schlechtem
1040 595 1143 656 wonnn
1159 593 1213 654 Iun
1229 593 1306 658 solli-

123 699 225 762 chenu
240 699 379 760 sachenu:
396 700 436 760 So
452 701 526 762 seint
535 701 586 760 nir
601 699 737 762 nahrlich
749 700 912 760 schwerlich
927 699 986 762 hie.
1014 699 1061 760 Ad
1074 699 1306 760 haecFridericns

123 811 213 864 torve
228 804 376 864 Eubulum
390 805 505 864 intuens
520 810 550 864 ιι
563 805 718 866 autoritate
733 819 785 862 rua
808 802 847 878 (si
863 803 917 862 diis
932 802 1038 879 plecct)
1060 820 1128 864 usus
1143 803 1304 878 respondit:

123 907 192 971 Her
207 907 321 992 Graue,
342 910 395 969 wir
416 907 513 968 haben
527 924 584 968 von
598 908 651 968 der
665 909 748 968 Rom.
764 907 838 982 Key.
854 887 993 982 Maiestat
1003 907 1205 988 austrucklich
1219 908 1305 968 beve·

121 1013 202 1087 lich,
228 1013 285 1072 das
298 1012 351 1084 ,die
367 1011 595 1086 coloquentenu
614 1013 727 1088 sollenn
745 1011 865 1072 Redenn
886 1012 965 1082 vnnd
986 1013 1065 1071 nicht
1079 1011 1125 1072 die
1140 1011 1304 1092 auditornu.

124 1117 193 1176 Hoc
209 1117 329 1202 oraculo
343 1116 473 1186 Eubulus
488 1103 646 1192 perculsus,
663 1115 745 1190 quasi
760 1115 924 1190 ex‘tripode
939 1113 1082 1192 Apollinis
1097 1115 1237 1191 profecto,
1253 1117 1304 1176 olr-

124 1222 223 1282 tdcnit.
263 1220 357 1282 Labie
368 1221 459 1296 igitur
474 1220 592 1296 premit,
608 1221 675 1280 licet
689 1220 831 1296 Bucerus,
848 1221 925 1299 Zop,
942 1219 1123 1296 Schnepfius,
1140 1221 1306 1297 Gultlingen

125 1325 227 1384 nostri
246 1325 365 1400 collega
390 1330 506 1386 strenue
526 1325 640 1385 Eubulo
662 1324 757 1384 mlcar
781 1324 887 1385 addere
909 1327 1092 1400 satagebant,
1117 1332 1150 1386 ut
1176 1328 1305 1400 apertius

125 1445 195 1490 cum
208 1431 313 1490 comite
327 1430 478 1489 Friderico
493 1431 524 1488 in
537 1430 674 1510 harenam
689 1429 885 1506 descenderet,
901 1423 999 1506 perum
1015 1437 1045 1490 ιι
1058 1425 1121 1493 locu
1137 1436 1167 1490 et
1180 1431 1305 1504 tempori

126 1536 228 1594 cessit.
265 1534 310 1592 Ne
324 1539 420 1593 ιιιιιιι
435 1533 614 1592 Friden‘cum
629 1536 675 1594 uel
693 1536 809 1610 timere,
833 1535 879 1594 vel
894 1535 963 1594 mihi
985 1536 1041 1609 ipsi
1055 1535 1091 1594 de
1106 1537 1157 1610 iis,
1181 1552 1246 1617 quae
1261 1536 1305 1599 illi

104 1627 107 1630 ’
126 1639 276 1718 dixeram,
299 1639 376 1698 male
391 1641 521 1701 conscius
535 1640 664 1714 viderer,
689 1641 736 1700 vel
755 1641 871 1698 illinon
891 1639 992 1700 habita
1008 1639 1153 1714 dignitatis
1168 1639 1239 1700 meae'
1254 1657 1302 1700 ra-

125 1744 220 1816 tione,
235 1744 357 1806 maxime
371 1745 403 1802 iu
417 1759 450 1802 re
464 1750 524 1802 tam
539 1746 616 1804 scria
629 1744 754 1818 pelmam
768 1742 896 1804 tribuere
910 1745 1084 1819 inculparer,
1099 1750 1165 1818 post
1180 1747 1304 1820 solutum

126 1863 296 1908 consessum
317 1851 397 1906 recta
411 1848 504 1920 ipsum
523 1847 596 1924 edii,
617 1847 685 1906 licet
698 1849 821 1915 noluerit
836 1849 982 1910 declinare
996 1851 1087 1924 viam,
1109 1849 1208 1908 dicens
1218 1828 1301 1910 :xDo·

127 1955 208 2012 mine
222 1952 381 2028 Friderice,
397 1957 475 2014 certe
489 1954 622 2030 meleme
634 1953 737 2027 habet,
762 1953 840 2027 quod
854 1953 992 2026 hispanus
1007 1953 1112 2012 nebulo
1127 1959 1187 2020 tam
1200 1953 1303 2012 frivole

127 2063 160 2116 et
173 2057 297 2117 ridicule
311 2059 348 2117 de
362 2074 395 2116 re
410 2061 470 2116 tem
484 2062 591 2132 sanem,
607 2055 664 2116 fide
678 2059 958 2134 nostrachristiana,
973 2059 1109 2132 loquitur.
1145 2057 1185 2118 At
1199 2058 1302 2118 Fride·

125 2163 223 2236 ricus,
248 2166 282 2220 ιιι
296 2167 421 2222 astutam
436 2162 489 2222 sub
504 2168 621 2236 pectore
636 2163 750 2236 vulpem
767 2166 859 2238 tegit,
881 2179 1042 2222 sermonem
1063 2169 1193 2222 nostrum
1212 2165 1301 2222 inter·

125 2283 279 2342 rumpens,
301 2266 453 2341 Proiecto,
474 2269 529 2342 ait,
550 2269 590 2325 mi
604 2267 718 2334 domine
732 2281 845 2342 comes,
860 2285 932 2342 rogo
947 2273 980 2328 ιιι
994 2268 1064 2326 mihi
1077 2267 1131 2343 hoc
1146 2259 1299 2346 condones.

126 2372 213 2444 Quod
228 2373 304 2432 enirn
320 2373 393 2447 dlxi,
418 2389 454 2432 ιιι
473 2373 587 2432 ratione
608 2371 694 2432 officii
708 2373 779 2432 mihi
793 2372 974 2436 incumbebat
989 2373 1098 2447 dicere,
1124 2375 1303 2448 potissimum

125 2479 198 2550 quia
212 2492 296 2536 secra
311 2493 438 2564 caesarea
452 2478 588 2550 majestas
604 2477 680 2542 serio
695 2477 752 2537 huc
766 2479 948 2554 perscripsit,
972 2494 1009 2536 ne
1029 2479 1176 2538 auditores
1197 2461 1300 2537 inscul-

124 2584 227 2656 loqnio
242 2583 322 2656 loqui
336 2586 574 2656 permitteremus.
614 2583 672 2642 Sed
687 2586 712 2642 si
727 2585 773 2642 cui
788 2601 824 2644 cx
835 2583 1023 2653 ,sedunens
1043 2600 1107 2640 cum
1121 2583 1300 2656 presidenti·

126 2689 185 2748 bns
199 2705 248 2748 res
264 2690 315 2763 sit,
337 2690 362 2748 is
382 2687 570 2761 praesidentes
589 2687 628 2747 ad
640 2695 757 2770 purtem,
768 2688 813 2766 (ut
833 2690 894 2760 ipse
909 2667 1090 2760 loquebatur,
1114 2703 1181 2746 nam
1196 2693 1225 2745 et
1239 2667 1303 2746 haec
1380 2747 1383 2753 ,

126 2809 185 2852 vox
199 2792 287 2854 modo
302 2794 403 2867 latina,
418 2792 503 2864 modo
520 2793 683 2867 germanica
705 2791 765 2868 esti
785 2794 958 2866 alloquatur.
997 2793 1137 2871 Brevibus
1157 2809 1225 2866 ergo
1239 2793 1300 2854 Eu·

126 2898 212 2958 bulus
227 2897 389 2971 respoudit:
412 2897 455 2956 Mi
469 2897 589 2966 domine
604 2897 760 2972 Friderice,
785 2914 856 2972 rogo
872 2896 985 2956 etmihi
999 2899 1112 2956 veniam
1128 2897 1191 2960 des.
1225 2897 1302 2956 Nam

125 3002 228 3062 resde
244 3017 331 3076 prora
347 3007 375 3084 ιι
389 3002 480 3076 puppi
499 3001 647 3086 religionis
668 3008 774 3060 nostrae
797 3001 989 3076 etnegocium
1004 3000 1111 3058 domini
1124 3001 1217 3086 nostri
1229 3000 1301 3059 Jesu

130 3105 238 3166 Christi
253 3111 283 3165 et
297 3107 397 3166 salutis
411 3112 519 3166 nostrae
534 3107 639 3180 agitur,
656 3112 685 3165 ιι
696 3111 853 3180 persancte
868 3109 1024 3180 contestor,
1040 3119 1094 3176 ego
1107 3104 1168 3176 jam
1182 3102 1230 3161 hic
1244 3120 1300 3176 ago

128 3216 229 3286 partes
243 3211 382 3285 principis
396 3210 527 3288 hominis,
551 3211 576 3268 si
590 3213 654 3284 quis
668 3211 754 3284 hujus
769 3212 801 3268 in
814 3209 869 3268 hoc
884 3210 1027 3282 colloquio
1042 3209 1134 3268 minus
1148 3208 1300 3268 honestam

126 3315 303 3384 mentionem
316 3313 434 3389 suomet,
445 3330 509 3399 ¹oon
523 3330 637 3390 possem
652 3316 727 3376 bono
743 3316 889 3375 stomacho
905 3314 1053 3390 devorare,
1071 3332 1127 3399 quo
1142 3315 1233 3388 magis
1247 3329 1298 3372 ne-

126 3417 195 3478 farii
209 3419 286 3478 illius
301 3419 425 3507 llispani
439 3418 528 3479 verim
542 3421 668 3480 animum
681 3437 776 3480 meum
791 3421 865 3482 male
880 3417 1016 3480 afficiant.
1047 3421 1155 3480 Verum
1169 3397 1298 3504 Frideri·

126 3539 177 3582 cus
196 3526 292 3582 nescio
316 3524 387 3598 quid
410 3540 564 3598 promere
588 3521 681 3593 aulico
708 3542 803 3586 secum
825 3524 978 3609 mussitans
998 3525 1138 3606 honorem
1161 3525 1300 3586 exhibens

127 3615 314 3702 dextramque
329 3613 471 3703 praebens,
493 3633 580 3704 atque
594 3631 636 3688 ita
651 3647 687 3712 ιιι
700 3631 763 3689 loco
785 3631 920 3704 colloquii
935 3631 1045 3692 abitum
1061 3634 1113 3688 est.
1131 3607 1203 3688 'sed
1217 3631 1299 3714 testis

125 3719 452 3824 ιιιῦιίκᾳρδιογνώσιης
470 3733 519 3792 ille
540 3713 671 3792 dominus
691 3736 722 3793 in
742 3735 859 3804 diailla
878 3751 983 3808 magna
998 3733 1212 3822 domininostri
1227 3731 1298 3790 Jesu
1384 3725 1387 3731 '
1446 3733 1457 3748 “

126 3836 243 3912 Christi,
259 3854 316 3912 quo
332 3837 428 3900 animo
442 3839 617 3900 Ratisbonaer
628 3837 692 3896 haec
705 3845 787 3912 gesta
800 3840 871 3913 sint,
887 3839 938 3911 qui
952 3836 1039 3896 dubio
1054 3835 1154 3911 procul
1168 3835 1299 3896 omnibus

126 3943 268 4018 ostendet,
285 3960 350 4016 quae
365 3943 410 4002 uel
425 3959 587 4018 perperam,
603 3941 799 4002 vel-insidiose
815 3943 852 4002 ab
867 3942 997 4014 utrisque
1013 3940 1179 4010 dictasunt.

126 4073 138 4092 f
217 4047 438 4121 christophorus
461 4052 491 4106 et
506 4047 655 4120 Philippus
671 4045 749 4106 Seldi
763 4050 846 4120 petre
862 4047 923 4105 cive
946 4044 1128 4120 Augustam,
1154 4047 1205 4138 qui
1219 4047 1296 4109 auri·

124 4149 239 4212 labrum
253 4135 352 4226 gessit,
366 4158 399 4212 ιι
413 4158 505 4212 matre
519 4168 556 4212 ex
566 4151 698 4226 eJusdem
712 4149 818 4225 opificii
841 4154 962 4232 parente
977 4156 1130 4230 procreata
1145 4153 1207 4210 nati
1221 4157 1297 4224 sunt.

126 4255 170 4316 Ob
185 4254 350 4339 felicitatem
369 4273 439 4316 uero
459 4257 569 4332 ingenii
592 4255 802 4340 aRaiemnndo
817 4255 952 4336 Fuggero
973 4256 1055 4316 unice
1080 4255 1206 4314 adamati
1220 4261 1296 4328 suut,

125 4361 189 4434 eJus
204 4377 319 4444 quoque
340 4377 430 4436 opera
449 4366 478 4421 ιι
498 4363 650 4436 impensis,
675 4365 864 4436 posteaquam
882 4356 1020 4434 Augustae
1042 4361 1135 4434 prima
1157 4361 1298 4436 elementa

124 4467 288 4554 litterarum
302 4467 513 4542 addidicerant,
537 4467 672 4542 Lugduni
685 4467 815 4529 Francis
836 4467 866 4524 in
889 4466 1058 4548 doctoratus
1073 4465 1212 4524 honorem
1232 4481 1297 4536 pro-

909 4564 911 4573 ’
1006 4563 1083 4627 ’1οᾸ*
