3054 5110
355 583 497 646 Melcbior
516 583 580 646 huri
600 583 696 645 comiti
716 599 735 643 a
754 581 868 662 Nasson
889 579 1083 656 compromissi
1103 581 1329 668 scripturarum
1342 587 1447 644 nostra

269 690 407 766 potitium
422 689 533 750 obtulit.

356 793 434 854 Nota
450 795 486 854 de
501 794 620 869 querela
634 789 755 854 comitis.

356 899 466 960 Eadem
490 899 656 976 conspectui
678 897 877 958 atrebatensis
902 914 954 958 nos
977 898 1112 969 exhibere
1133 897 1314 970 volebamus,
1343 913 1445 958 veram

266 1019 320 1080 per
333 1002 494 1064 Adrianum
513 1021 532 1064 a
552 1003 682 1076 Zcrtzon,
707 1003 757 1076 qui
771 1003 943 1076 legationem
958 1019 977 1061 a
992 1002 1171 1076 Coloniense,
1195 1004 1298 1062 consite
1314 1003 1352 1062 de
1368 1003 1442 1062 Nas-

267 1125 320 1170 sau
335 1114 363 1168 et
378 1108 492 1168 domina
506 1109 636 1184 principe
651 1105 802 1167 adferebat
817 1106 862 1184 (ιιι
875 1108 938 1180 ipse
952 1104 1061 1182 ajebat)
1077 1106 1207 1182 impediti
1221 1121 1327 1166 sumus.
1355 1106 1442 1182 Cujus

266 1213 437 1287 legationem
458 1217 645 1286 posteaquem
668 1211 887 1284 audivissemus,
919 1209 1119 1272 Atrebatensis
1142 1229 1160 1272 a
1185 1211 1268 1271 nobis
1292 1215 1441 1286 quaritur.

175 1329 179 1336 ·
267 1317 325 1379 Sed
346 1319 396 1378 nbi
418 1317 617 1390 atrebatensis
640 1317 679 1376 ad
702 1315 778 1376 aedes
801 1315 942 1390 venimus,
971 1317 1077 1390 praesul
1096 1317 1158 1390 jam
1179 1321 1241 1376 tum
1268 1315 1307 1376 ad
1328 1321 1441 1392 patrem

266 1421 477 1483 Granderelcm
491 1422 655 1482 macularat.
688 1421 862 1494 subsequuti
875 1422 965 1494 igitur
979 1436 1044 1482 eum
1058 1423 1089 1480 in
1104 1427 1227 1496 paterna
1238 1421 1368 1498 hospitia
1381 1421 1442 1484 iere

266 1528 305 1586 ad
326 1526 428 1586 horam
449 1529 557 1587 exitam
579 1527 641 1600 ejus
662 1525 914 1601 praestolabamur,
938 1541 1084 1602 sapuero
1104 1533 1200 1588 autem
1220 1527 1347 1600 qaedam
1369 1529 1440 1588 didi·
1513 1511 1514 1554 ³

265 1633 355 1691 cimus
380 1647 444 1691 sum
466 1637 533 1706 post
556 1645 662 1692 nonam
685 1631 845 1690 nussationi
866 1627 1070 1692 interfuturum
1091 1637 1122 1690 et
1142 1632 1248 1698 ibidem
1272 1641 1442 1710 compatre

266 1751 446 1811 pransurum„
477 1737 552 1796 Dum
567 1737 655 1810 igitur
669 1735 773 1796 ibidem
790 1741 925 1809 astamus,
950 1751 1041 1796 nanas
1057 1735 1183 1811 oblonga
1202 1737 1342 1798 undulata
1362 1745 1441 1799 vaste

265 1846 296 1902 ct
315 1843 401 1902 mitra
419 1848 538 1903 ornatus
560 1842 720 1904 cubiculum
738 1839 912 1900 Grandaeloe
930 1843 1028 1901 intrat.
1065 1841 1136 1902 Mox
1156 1843 1322 1916 supervenit
1337 1843 1441 1905 Petrus

265 1945 454 2006 cMalrenda
468 1947 614 2022 hispanus,
638 1947 806 2008 sorbonicus
825 1945 991 2020 theologus,
1015 1946 1175 2006 sacellauus
1194 1945 1331 2022 casaris,
1357 1929 1442 2022 quem
1513 1921 1514 1964 ξ

265 2052 454 2116 accusationis
476 2067 547 2112 meae
571 2051 650 2128 (licet
671 2053 718 2112 hio
739 2051 862 2112 mendam
884 2052 1007 2127 reperiri
1037 2049 1134 2125 aeliu)
1158 2051 1334 2124 coriphacnm
1357 2053 1440 2114 duco.
1513 2111 1514 2118 ,

265 2154 354 2229 cnjus
375 2157 561 2229 inauspicatae
585 2158 645 2216 avis
667 2157 790 2216 cubiculi
809 2155 961 2216 introitum
984 2157 1140 2216 ataricum
1160 2157 1267 2217 malum
1289 2161 1441 2234 augurium

258 2261 347 2320 nobis
370 2260 501 2320 attulisse
516 2265 603 2334 puto.
639 2261 803 2334 Hospitium
830 2259 1018 2320 Grandevelae
1035 2259 1118 2320 aedes
1139 2269 1207 2322 sunt
1227 2255 1448 2340 Fuggarornm,

258 2381 335 2438 quas
350 2365 497 2438 valregiis
513 2365 670 2438 sumptibus
693 2370 838 2425 extructas
853 2371 946 2439 putes.
977 2365 1107 2426 Vidimus
1126 2367 1231 2426 ibidem
1250 2383 1304 2441 par
1317 2367 1438 2430 Actbic-

264 2485 331 2542 pnm
347 2474 377 2528 et
391 2470 546 2529 masculam
562 2473 592 2528 et
606 2466 738 2529 feminam
753 2469 931 2545 pigmeorum
946 2471 991 2548 (ut
1004 2468 1104 2546 credo)
1120 2471 1156 2532 dc
1170 2477 1266 2546 gente.

350 2571 396 2632 Ad
416 2572 571 2646 hospitium
589 2573 777 2634 redeuntibus
797 2576 898 2636 obvius
918 2574 952 2636 fia
966 2576 1049 2637 nobis
1064 2577 1228 2652 Pinziuger,
1252 2577 1439 2641 Atrebatcnsi
1513 2633 1514 2654 ,

262 2695 281 2737 a
303 2679 431 2738 secretis.
469 2678 554 2737 Hunc
573 2680 814 2754 interrogavimus
831 2681 954 2748 sciretne
974 2697 1090 2742 cansam
1114 2687 1243 2742 nostram
1268 2684 1438 2757 imperatori

262 2783 392 2858 relatam,
416 2799 454 2844 an
474 2799 563 2844 secus.
594 2784 763 2860 Respondit,
784 2785 885 2844 herum
900 2802 982 2870 suum
1002 2786 1117 2860 dixisse,
1140 2803 1188 2847 res
1206 2789 1335 2848 revisere
1349 2805 1435 2864 opor·

262 2893 334 2948 tere.
366 2890 464 2963 Ipsum
478 2895 574 2950 autem
587 2891 693 2964 latere,
716 2905 784 2950 num
799 2887 908 2948 Caesari
926 2890 995 2965 qnid
1008 2891 1185 2951 relatumsit
1198 2893 1250 2971 val
1259 2909 1328 2954 nou.
1445 2865 1449 2882 ζ

351 2989 528 3055 coloniensis
549 2996 685 3070 scriptum
705 2991 901 3070 compromissi
921 2995 1007 3054 tertio
1027 2996 1088 3068 jam
1110 2997 1235 3070 describi
1257 3000 1384 3074 curauit,
1408 3007 1437 3060 et

263 3113 427 3174 quanquam
447 3115 501 3158 nos
523 3099 726 3174 Landtgraviae
749 3097 910 3184 &eramus
932 3099 1046 3160 disertis
1068 3101 1178 3176 verbis,
1208 3107 1242 3162 ιιι
1262 3109 1380 3164 maeret
1401 3104 1436 3163 de

111 3249 113 3254 ,
225 3293 226 3298 γ
261 3204 448 3278 appendendo
465 3203 559 3278 sigillo
575 3207 645 3276 etc,
669 3209 765 3275 tamen
780 3204 902 3272 Adriami
916 3205 1060 3265 sententia
1073 3205 1149 3265 vicit.

349 3308 462 3381 Nanos,
479 3321 572 3380 ,quem
591 3305 677 3366 hodie
698 3307 832 3383 vidimus,
856 3310 932 3370 iuter
952 3310 1140 3376 cubicularios
1162 3309 1374 3388 Oaesariscgit,
1399 3315 1434 3374 ab

260 3428 295 3472 ec
311 3412 350 3472 ad
365 3410 582 3486 Grandevelam,
607 3416 640 3470 ιιι
653 3410 748 3470 morbi
762 3413 807 3470 sui
821 3413 951 3474 levamen
970 3415 1088 3489 aliquod
1107 3419 1192 3488 esset,
1215 3418 1328 3478 missus.
1359 3419 1435 3479 Hnic
1513 3481 1514 3486 ,

260 3521 308 3576 tot
318 3522 413 3576 vestes
428 3516 547 3587 sericas,
572 3520 643 3587 quot
656 3517 724 3576 anni
739 3533 839 3577 cursus
855 3517 915 3580 dies
931 3521 1070 3594 continet,
1095 3537 1157 3580 esse
1173 3521 1262 3594 ajunt.

348 3620 395 3680 Ad
408 3620 530 3694 primam
544 3617 768 3692 pomeridianam
783 3639 883 3682 rursus
897 3601 1096 3685 dmabatensis
1112 3627 1259 3700 quaeritur,
1282 3641 1370 3701 quem
1383 3629 1433 3690 ad-

259 3728 316 3786 huc
329 3727 360 3784 iu
373 3725 498 3808 hospitio
513 3729 634 3799 paterno
654 3726 824 3786 invenimur.
860 3729 1000 3789 Prodicus
1020 3731 1118 3804 itaque
1140 3730 1223 3790 domo
1247 3732 1372 3806 stipatus
1392 3739 1436 3793 eat

261 3831 387 3903 undique
402 3845 420 3888 a
434 3827 663 3888 sollicitantibus.
696 3830 766 3890 cnm
780 3833 878 3906 itaqua
893 3839 923 3894 et
937 3849 989 3892 uos
1003 3835 1046 3894 illi
1061 3837 1369 3912 appropinquaremus,
1394 3838 1436 3897 ait

258 3934 386 3995 Eubnlo:
409 3933 531 3994 Domine
552 3949 659 4010 mines,
685 3935 779 3996 adhuc
798 3937 1001 3998 resolutionem
1021 3955 1039 3998 a
1056 3939 1176 4000 'Caesare
1198 3947 1335 4016 expecto,
1361 3943 1436 4002 sicat

258 4038 312 4098 tibi
326 4037 398 4110 dini3
421 4039 496 4097 hanc
510 4040 559 4099 ubi
574 4045 674 4112 nactus
688 4039 780 4114 fuero,
802 4057 853 4100 vos
868 4043 1003 4102 accersiri
1010 4043 1133 4124 curabo.
1167 4045 1268 4118 Sioqua
1283 4037 1327 4105 illi
1341 4046 1434 4108 hono·

259 4158 321 4202 rana
336 4143 473 4203 exbibens
488 4159 553 4218 cum
567 4143 713 4205 sodalibus
728 4147 799 4206 meis
814 4146 880 4206 abii.
1218 4159 1221 4166 ·

346 4247 456 4308 Eadem
471 4247 578 4310 batres
592 4249 675 4310 nobis
697 4249 885 4311 ostenderunt
899 4251 1052 4312 Achadam
1072 4251 1162 4312 filium
1180 4251 1301 4314 riothnm
1320 4253 1435 4316 Albsrti

251 4351 405 4427 quondam
420 4353 583 4429 Moguntini
598 4355 804 4430 archiepiscopi
819 4361 849 4416 at
863 4355 1004 4415 electoris.
1364 4379 1371 4388 ·

349 4457 459 4519 Eadem
481 4458 631 4534 Philippus
652 4456 743 4520 ircim
756 4465 795 4540 ct
817 4475 872 4537 ego
893 4475 957 4520 cum
979 4459 1151 4524 Wcudcliuc
1171 4469 1203 4524 at
1222 4461 1312 4526 Floro
1332 4465 1437 4528 urbem
1513 4475 1514 4544 i
