3020 5112
776 409 841 480 180

223 598 278 656 lius
293 602 347 656 etc.
386 597 460 656 Nam
475 594 613 670 supprimi
628 594 714 654 debet
730 596 764 668 is,
780 596 830 668 qui
844 595 929 656 modo
945 601 998 672 est,
1014 589 1163 671 roligionis
1177 603 1279 658 status.
1318 597 1398 673 Quid

222 702 358 762 iaciemus
373 697 508 761 undem?
528 700 568 758 Et
581 701 623 758 ita
637 717 655 760 a
669 700 776 772 templo
791 699 924 760 Mauricii
946 702 1068 764 invicem
1087 689 1248 762 sermonem
1269 708 1395 779 protuli·

223 824 286 870 mus
300 807 392 866 donec
406 808 436 864 in
450 804 545 863 lorum
559 808 627 864 ante
643 804 757 862 domum
773 807 947 865 senatoriam
961 806 992 863 in
1006 806 1096 864 latum
1108 807 1182 865 illud
1195 810 1330 882 spatium,
1346 811 1399 870 nbi

223 910 365 972 adorti-is
389 909 562 985 patibulum,
585 925 604 968 a
623 909 746 966 sinistris
768 907 948 968 aedificiolum
962 909 1040 968 istud
1054 927 1090 968 ex
1105 911 1249 972 asseribus
1264 929 1396 987 compac-

222 1022 292 1090 tum,
313 1017 344 1074 in
365 1032 423 1089 qno
437 1013 659 1088 Vogelsbergius
673 1015 768 1087 capite
782 1015 883 1088 plexus
899 1019 971 1088 erat,
995 1014 1170 1075 devenimus
1218 1018 1308 1077 Norit
1324 1019 1397 1078 deus

222 1120 368 1195 inspector
383 1119 492 1192 cordis,
528 1121 592 1194 quis
614 1119 753 1176 sintontes
768 1123 900 1177 autnon.
939 1117 984 1176 Re
1005 1120 1069 1192 ipsa
1088 1124 1184 1179 tamen
1206 1123 1396 1196 comperimus

222 1225 313 1298 magis
328 1223 447 1286 infestas
463 1239 526 1282 esse
541 1239 664 1282 summas
680 1227 837 1294 potestates
847 1239 916 1296 erga
927 1223 1079 1282 veritatem
1089 1225 1303 1296 amplectentes.
1321 1225 1398 1298 Quia

222 1330 311 1402 igitur
330 1330 403 1387 hora
422 1334 598 1402 accesserat,
620 1343 677 1400 qua
700 1329 808 1386 curiam
831 1327 1010 1386 consultandi
1030 1331 1126 1401 gratia
1145 1334 1261 1402 petunt,
1278 1329 1395 1391 domino

221 1433 331 1499 Jacobc
355 1449 399 1490 me
418 1432 456 1492 ad
477 1433 630 1492 amicitiam
653 1438 682 1490 et
702 1429 798 1498 officia
819 1432 923 1505 obtuli,
951 1447 1057 1506 rogans
1077 1438 1113 1490 ut
1134 1433 1263 1492 Martiuo
1280 1433 1397 1493 Bucero

223 1553 288 1597 meo
304 1539 418 1596 nomine
433 1537 554 1596 salutem
568 1535 685 1595 diceret.
719 1535 897 1610 campora,
913 1551 930 1593 o
945 1539 1053 1596 mores!
1082 1539 1218 1612 Respice,
1235 1555 1253 1598 o
1268 1539 1349 1612 deus,
1366 1539 1397 1596 in

222 1640 325 1700 faciem
342 1640 447 1700 Christi
462 1643 505 1701 tui
520 1645 550 1700 et
563 1645 704 1699 memento
719 1641 916 1713 promissionis
929 1645 1002 1713 tuae,
1024 1642 1074 1714 qui
1088 1639 1190 1700 fallere
1204 1643 1315 1714 nequis.
1338 1641 1394 1700 Di·

221 1746 290 1804 xisti
305 1747 398 1820 enim,
419 1747 643 1805 misericordiam
662 1750 741 1804 tuam
760 1751 789 1804 te
810 1761 867 1804 nou
883 1745 1046 1804 ablaturum
1061 1763 1079 1804 a
1093 1747 1215 1818 posteris
1230 1751 1260 1806 et
1272 1746 1394 1806 cohere-

221 1849 304 1911 dibus
319 1851 438 1912 Doridis
453 1852 529 1910 illius
544 1851 657 1924 mystici
670 1848 724 1908 ¹lilii
738 1851 781 1908 tui
795 1851 866 1910 Jesu
880 1849 1030 1909 benedicti.
1064 1849 1136 1924 (lito,
1153 1851 1209 1910 cito
1225 1865 1278 1910 nos
1291 1853 1395 1919 antici·

221 1960 293 2030 pent
307 1955 511 2017 misericordia
526 1962 597 2030 ture,
621 1955 805 2030 pauperiores
821 1955 896 2012 enim
917 1969 1029 2028 sumus,
1055 1971 1140 2027 quam
1160 1955 1215 2028 ipsi
1235 1971 1394 2028 agnoscere

222 2077 368 2134 queamus.
392 2063 498 2121 Verum
513 2065 565 2120 tua
579 2066 679 2119 sancta
692 2052 825 2119 voluutas
840 2056 901 2118 fiat,
923 2057 1024 2116 Amen.
1083 2088 1088 2114 ι
1186 2065 1188 2072 ⁴

310 2165 419 2224 Eadem
435 2171 503 2224 ante
519 2166 684 2224 concionem
706 2162 782 2224 infra
797 2165 926 2237 quintum
940 2169 970 2223 et
984 2164 1133 2237 septimam
1148 2164 1235 2223 horus
1250 2166 1393 2238 capitula·

221 2269 328 2329 tionem
343 2287 444 2332 manus
459 2285 530 2328 meua
545 2269 754 2342 subscriptione
770 2275 799 2328 et
813 2269 919 2328 annulo
934 2269 1092 2341 signatorio
1106 2271 1136 2327 in
1151 2269 1277 2344 hospitio
1292 2275 1393 2330 nosco

220 2373 468 2432 corroboravimus
484 2373 549 2451 (rex
563 2389 683 2447 reguum
697 2370 828 2447 adverte)
844 2389 879 2432 ac
893 2389 956 2434 eam
975 2373 1094 2434 Liborio
1110 2372 1274 2434 doctoribus
1295 2374 1391 2447 Viglio

222 2483 252 2537 et
267 2477 353 2537 Seldo
368 2453 542 2536 cruciendam
558 2478 695 2551 dedimus,
712 2481 762 2552 qui
776 2485 986 2551 utrosqueuna
1005 2480 1113 2551 reperit
1127 2478 1233 2552 dicens,
1250 2478 1392 2552 capitula·

221 2582 328 2642 tionem
348 2583 463 2654 quidem
482 2590 514 2644 ut
529 2584 684 2658 jussissent
705 2599 758 2656 per
778 2597 823 2642 me
842 2583 1043 2656 subscriptam,
1074 2588 1199 2642 attamen
1222 2599 1268 2642 me
1286 2584 1393 2644 bonam

122 2737 124 2740 .
222 2699 303 2760 spem
317 2688 479 2760 concepisse
498 2695 528 2748 ct
541 2689 664 2763 idipsum
684 2703 798 2762 qnoque
817 2704 863 2747 me
885 2689 922 2746 ab
938 2689 979 2746 eis
1000 2692 1112 2761 petere,
1132 2695 1166 2747 nt
1179 2690 1204 2748 si
1219 2705 1277 2761 qua
1291 2695 1392 2761 posset

222 2787 296 2865 fieri,
313 2807 422 2850 summa
436 2793 620 2868 minueretur.
658 2794 714 2854 Ast
727 2798 824 2852 manet
837 2792 989 2852 immobilis
1003 2792 1152 2866 Marpesia
1166 2799 1277 2852 canter.
1317 2793 1392 2864 Quia

221 2901 317 2955 autem
332 2895 403 2954 nihil
416 2897 518 2956 borum
532 2895 596 2956 fieri
610 2915 695 2971 posse
709 2897 838 2971 cognovi,
855 2913 904 2956 eos
918 2880 1029 2970 rogavi,
1044 2900 1078 2955 ut
1092 2898 1326 2970 capitulationem
1341 2913 1390 2957 ac-

220 2999 349 3072 ciperent
363 3000 547 3060 Atrebatensi
566 3019 619 3075 per
639 3003 762 3061 alterum
777 3017 877 3060 eorum
891 2999 1078 3073 offerendam,
1102 2999 1180 3073 qnod
1194 3001 1306 3074 Viglius
1322 3002 1391 3062 Zoi-

221 3104 328 3162 chenus
342 3121 374 3162 se
388 3103 531 3165 iacturum
546 3108 663 3179 recepit.
687 3106 834 3165 Adeuutes
849 3111 944 3167 antem
958 3105 988 3164 hi
1003 3104 1060 3166 duo
1075 3105 1304 3177 Atrebatensem,
1320 3106 1391 3179 Vig-

220 3208 285 3281 lius,
301 3210 398 3266 nescio
413 3208 506 3268 studio
522 3225 559 3268 an
573 3205 683 3268 incuria
696 3208 810 3282 lecerit,
834 3207 943 3284 aiebat,
965 3225 996 3268 se
1012 3209 1089 3268 domi
1104 3225 1163 3266 suae
1179 3209 1393 3282 capitulatiouis

222 3312 342 3371 oblitum
355 3311 452 3378 luisse.
493 3313 647 3376 Commode
668 3319 764 3372 autem
778 3313 896 3387 accidit,
919 3318 951 3371 ut
966 3313 1070 3372 Florus
1092 3314 1154 3385 ipse
1169 3311 1392 3372 Atrebatensem

222 3415 388 3474 conveniret
395 3421 448 3474 etc.
463 3416 506 3474 Ac
521 3417 611 3491 petiit,
620 3419 717 3490 utiam
726 3417 823 3477 oblata
836 3417 1041 3492 capitulatione
1053 3433 1147 3476 roseo
1163 3417 1248 3490 dirigi
1262 3424 1391 3492 possent,

222 3535 261 3577 ne
276 3519 391 3596 diutim,
408 3523 485 3596 quod
500 3524 599 3595 utique
613 3523 735 3582 maximo
750 3537 877 3580 mearum
892 3539 989 3582 rerum
1003 3522 1153 3595 dispendio
1168 3519 1269 3595 fieret·
1282 3519 1393 3582 frustra

221 3623 267 3682 bic
283 3624 435 3700 detineret,
450 3633 479 3686 et
495 3633 526 3685 ut
540 3627 645 3686 littera
660 3626 848 3690 absolutionis
863 3643 925 3686 cum
940 3627 1069 3696 amonim
1083 3627 1202 3700 aliquot,
1218 3641 1290 3699 qnos
1305 3633 1393 3688 antea

220 3729 326 3789 llorns
340 3735 510 3805 mutaverat,
527 3732 668 3791 conscribi
682 3738 808 3805 possent.
831 3711 1030 3791 Atrebatensis
1043 3735 1140 3790 autem
1154 3731 1270 3790 iuterim
1283 3731 1391 3804 gloria·

221 3840 267 3892 tus
283 3839 337 3909 est,
354 3851 439 3907 quam
460 3819 604 3910 egregiam
623 3852 740 3910 operam
763 3837 854 3894 nostri
866 3851 938 3909 ergo
952 3841 1094 3896 navasset.
1132 3835 1225 3908 Nosti,
1241 3836 1343 3909 inquit,
1360 3841 1393 3894 tu

221 3937 335 3996 domine
350 3944 380 3996 et
394 3941 455 4012 ipse
466 3939 563 3999 vidisti
578 3942 648 4015 quid
661 3943 777 4016 egerim,
791 3946 820 4000 et
834 3939 926 4000 adhuc
941 3957 999 4000 nou
1012 3941 1132 3999 cessabo
1146 3939 1254 3998 domini
1268 3940 1310 4012 tui
1325 3956 1392 4012 pro-

223 4041 329 4101 iectum
344 4059 481 4116 quaerere.
521 4047 563 4104 Ac
582 4048 623 4105 sic
638 4047 755 4106 Liborio
774 4046 919 4118 paululum
940 4050 1096 4119 expectare
1107 4045 1192 4118 jusso
1211 4045 1329 4106 tandem
1344 4060 1391 4104 re·

221 4161 320 4205 versus
335 4149 389 4206 ait:
405 4148 432 4206 A
446 4149 569 4222 prandio
584 4152 688 4210 iterum
702 4169 748 4210 me
762 4129 920 4210 ¹convenias
932 4165 1014 4208 ctus»

261 4257 264 4264 ⁴
286 4271 295 4280 “
310 4251 435 4311 Conatus
450 4255 685 4315 autemliborius
700 4256 927 4329 provolutiouom
936 4252 974 4313 ad
985 4253 1073 4328 pedes
1088 4256 1204 4314 casaris
1212 4254 1236 4313 si
1251 4269 1309 4327 qua
1323 4269 1392 4327 pos·

220 4362 265 4416 set
278 4357 399 4416 amoliri.
435 4360 542 4417 Verum
557 4359 708 4434 episcopus
730 4360 883 4422 subridens
903 4360 934 4418 id
947 4359 1068 4418 maxime
1082 4358 1146 4418 fieri
1160 4359 1318 4432 oportebit,
1335 4361 1390 4432 ait;

221 4477 311 4532 quare
325 4461 380 4521 hoc
393 4469 460 4522 tuus
476 4479 572 4524 comes
584 4442 656 4524 nolit
670 4463 787 4530 facere?
803 4465 909 4526 Faciet
923 4462 1061 4539 proiecto,
1082 4466 1175 4538 inquit
1189 4463 1340 4537 Liborius,
1367 4465 1394 4524 si
