3020 5112
772 401 839 469 tte

219 593 257 654 de
271 592 340 654 seda
356 589 498 666 deposuit,
513 591 683 650 nouantem
699 586 803 647 evertit
814 582 919 660 sedem,
936 582 1014 658 qnod
1028 588 1156 668 potestas
1167 584 1256 660 gladii
1266 561 1305 646 sit
1319 585 1399 646 ordi·

220 699 300 759 natio
315 698 376 770 dei,
399 695 595 770 superbientes
617 697 714 753 autem
734 692 764 749 in
785 705 821 750 ea
834 706 973 764 personas
992 688 1062 750 deus
1084 689 1181 751 doiioit
1195 697 1252 751 eto.
1288 691 1399 765 Doouit

219 805 289 864 item
310 801 469 875 exemplum
488 799 636 859 eharitatis
657 801 686 856 et
704 797 796 858 mutui
815 793 902 854 offleii
915 797 947 853 in
962 795 1081 870 deipara
1095 797 1206 871 virgine
1222 797 1397 860 imitandum

221 923 298 981 esse,
321 907 419 978 utique
435 919 499 977 quae
511 919 567 962 nee
582 905 654 978 Juga
669 903 808 962 altissima
826 902 964 962 montium
978 916 1033 960 neo
1052 904 1190 976 temporis
1204 903 1324 962 taedium
1346 905 1396 964 de·

220 1012 360 1086 treotarit,
377 1025 433 1084 qno
448 1013 579 1084 oognatae
594 1007 743 1068 eharitatis
759 1021 852 1079 opera
862 1010 1026 1081 praestaret.
1054 1006 1208 1067 Observuri
1221 1024 1338 1082 quoque
1351 1009 1397 1068 hio

216 1118 317 1193 jussit,
333 1115 457 1176 Mariam
473 1115 701 1175 observationem
715 1097 852 1174 trinitatis
866 1111 897 1169 in
910 1109 966 1170 hoo
981 1110 1090 1169 oandoo
1105 1111 1248 1172 habuisse.

310 1223 421 1282 Eadem
436 1223 466 1280 in
479 1220 674 1300 hybernaeuio
688 1224 788 1282 nostro
801 1230 936 1292 mappam
950 1217 1017 1277 novi
1031 1217 1109 1276 orbis
1120 1218 1251 1292 vidimus,
1268 1235 1329 1292 qua
1344 1233 1397 1279 nos

220 1329 392 1389 Anastasius
407 1327 548 1388 Suhmaltz
563 1344 581 1386 a
595 1324 717 1385 Landuu
732 1339 797 1383 eum
811 1323 998 1398 inscriptione
1016 1323 1138 1382 nominis
1154 1327 1184 1382 et
1198 1325 1242 1383 sni
1258 1331 1289 1384 et
1303 1327 1397 1386 nostri

222 1433 355 1510 donavit,
380 1432 429 1506 qui
443 1433 488 1491 vir
503 1447 564 1491 nos
576 1445 612 1490 ex
626 1431 691 1510 solo
708 1431 822 1490 nomino
842 1434 980 1503 noverat,
1004 1434 1034 1489 et
1047 1443 1093 1488 me
1115 1430 1188 1489 latet
1209 1447 1247 1490 an
1268 1447 1397 1506 unquam

222 1539 367 1600 hominem
381 1536 511 1597 viderim.
1004 1603 1010 1608 ,
1206 1509 1210 1527 .
1290 1593 1293 1596 .

310 1642 421 1704 Eadem
435 1657 508 1702 uxor
524 1639 649 1702 doctoris
665 1640 701 1700 de
717 1639 789 1700 Ossa
804 1639 882 1713 apud
896 1653 948 1699 nos
964 1639 1095 1715 obtinuit,
1111 1645 1144 1699 ut
1157 1638 1247 1702 tiliam
1262 1641 1326 1715 eius
1340 1641 1397 1702 Ae·

223 1749 330 1810 milium
344 1749 374 1807 iu
389 1749 518 1808 ordinem
532 1748 769 1823 pedissequarum
783 1745 928 1804 uxoreuloe
938 1747 1161 1820 susciperemus,
1277 1769 1286 1788 ·
1305 1771 1309 1778 -

286 1885 287 1892 κ
311 1854 533 1928 Persoripsimus
548 1855 650 1915 eadem
671 1851 706 1911 de
722 1849 868 1911 nonnudiis
882 1849 921 1908 ad
935 1849 1078 1910 ioannem
1092 1849 1259 1912 Gulaoteum
1275 1855 1306 1910 et
1320 1852 1397 1912 Her·

221 1975 356 2020 mannum
365 1959 499 2018 Neltium.
522 1957 633 2018 Eadem
647 1956 730 2016 Josto
745 1955 834 2030 Sophi
848 1971 901 2029 pro
918 1955 1015 2016 debito
1025 1953 1284 2016 Germorsshuusen
1299 1962 1330 2016 et
1343 1973 1398 2030 pro

222 2061 356 2124 mercede
370 2079 423 2122 suu
437 2062 544 2124 tuleros
558 2063 659 2136 viginti
674 2061 745 2120 dnos
760 2059 890 2122 dedimus
905 2077 941 2121 ex
954 2053 1085 2138 poeonia,
1102 2077 1188 2136 quam
1195 2059 1398 2137 Norinbergae

218 2149 433 2246 ¹raeoeporamus.
1076 2251 1079 2254 -

311 2276 343 2349 iij
372 2274 443 2334 Julii
462 2270 583 2356 Honiels
606 2279 636 2332 et
654 2273 817 2334 Ludovious
847 2272 961 2332 circiter
985 2278 1118 2346 quartam
1141 2272 1398 2334 antemeridianam

221 2379 291 2440 hine
304 2379 412 2440 abiere.
451 2377 562 2443 Eodem
577 2394 692 2452 quoquo
710 2382 778 2436 ante
792 2377 945 2451 prandium
960 2379 1075 2438 domina
1089 2394 1187 2440 socrus
1202 2395 1237 2440 ae
1250 2377 1319 2438 filiae
1335 2369 1399 2454 ¹‹ajrrs

152 2484 159 2498 “
223 2483 307 2578 nobis
323 2499 372 2544 aas
386 2484 587 2544 comitantibus
602 2483 641 2543 ad
656 2475 730 2543 Solae
744 2479 861 2542 fluvium
875 2484 1016 2558 piscatum
1031 2467 1137 2544 abiero.
1183 2519 1184 2524 κ

312 2578 438 2649 Comites
453 2587 699 2663 aSehwartaburg
713 2603 803 2663 genus
818 2601 901 2648 suum
913 2590 1035 2650 trahunt
1050 2606 1068 2649 a
1081 2589 1203 2650 dominis
1217 2591 1255 2651 da
1267 2591 1399 2678 Keraun-

221 2695 313 2770 burg,
332 2693 503 2770 Reverburg
516 2711 570 2755 arx
584 2699 628 2756 est
642 2710 702 2755 non
720 2694 821 2768 procul
841 2693 878 2754 ab
892 2693 1053 2756 Arnstadio'
1071 2697 1158 2755 etiam
1177 2696 1254 2772 apud
1274 2677 1399 2772 gentiles

222 2799 367 2874 quondum
391 2801 519 2860 celebris.
563 2799 677 2859 Primus
696 2804 795 2888 autem
818 2800 997 2862 dominorum
1020 2801 1055 2861 de
1077 2802 1268 2878 Kevernbnrg
1290 2801 1401 2863 Christi

222 2903 319 2991 fidum·
331 2907 486 2983 suscipiens
511 2901 796 2981 ad‘regonerationis
818 2907 1045 2992 saeraeklavaera
1065 2925 1120 2982 pro
1135 2919 1220 2966 'more
1242 2906 1399 2969 Gundarus

222 3016 339 3072 rotatus
363 3019 423 3086 est,
447 3028 523 3073 nune
542 3011 708 3094 Guntherus
729 3013 873 3077 scribitur,
911 3013 980 3072 Fuit
1002 3019 1037 3072 et·
1052 3013 1128 3074 alter
1150 3013 1264 3087 quidum
1280 3014 1399 3090 Sigarth

221 3108 345 3194 nomino,
363 3121 412 3193 qui
426 3120 464 3180 ob
478 3095 676 3180 strenuitatem
692 3124 722 3178 et
735 3117 937 3178 fortitudinem
946 3119 982 3179 ab
994 3120 1169 3194 imperatore
1184 3115 1245 3192 'eJus
1259 3121 1400 3194 temporis

222 3224 359 3299 sigehart
373 3213 540 3299 appellatus
550 3229 602 3283 est.
640 3223 750 3284 Extant
769 3223 804 3283 de
819 3223 863 3282 his
878 3225 963 3298 plura
976 3229 1162 3284 monumento
1182 3225 1212 3283 in
1226 3225 1398 3287 Reinhurts·

153 3333 157 3345 '
221 3345 336 3404 prunno
351 3311 497 3404 coenobio,
517 3329 567 3389 ubi
583 3329 651 3388 dieti
672 3329 779 3408 domini
799 3329 976 3405 sepulturum
996 3345 1076 3388 suam
1095 3329 1230 3390 habuisse
1251 3331 1398 3393 dicuntur.

222 3434 365 3494 Henrious
380 3438 477 3494 autem
492 3449 585 3494 eomes
601 3451 619 3494 a
632 3433 860 3510 Schwartzburg,
876 3431 961 3513 pater
974 3435 1073 3494 uxoris
1086 3441 1194 3496 nostroe
1208 3445 1343 3498 unumst
1357 3439 1400 3498 al·

221 3546 315 3600 terum
328 3540 432 3601 horum
446 3541 580 3600 uomitum
595 3555 652 3600 una
668 3555 731 3599 eum
745 3541 892 3615 uxoribus,
906 3546 941 3599 ut
955 3542 985 3599 in
999 3542 1075 3620 saxis
1090 3541 1322 3618 Reinirartsprun
1338 3542 1399 3604 effi-

222 3648 283 3723 gies
298 3626 425 3723 ipsorum
440 3647 562 3721 viderat,
572 3648 602 3706 in
616 3645 716 3706 tabula
730 3646 848 3721 depingi
862 3625 1106 3722 curaveratplioot
1117 3649 1233 3708 nomina
1244 3651 1398 3726 coniugum

221 3770 280 3813 non
303 3754 361 3812 sint
380 3753 515 3828 ascripta.
548 3753 648 3827 Hujus
667 3757 763 3812 autem
785 3753 828 3810 rei
848 3767 911 3810 eam
932 3767 994 3832 esse
1014 3767 1129 3813 oausam
1149 3755 1288 3829 conjitio,
1319 3758 1400 3832 quod

220 3859 336 3918 tametsi
355 3859 543 3919 monasticum
562 3875 665 3934 genus,
689 3863 722 3917 ut
736 3853 845 3918 luorum
865 3857 1081 3931 amagnstibus
1095 3865 1225 3934 asperet,
1250 3861 1399 3923 eelebrure

221 3961 337 4038 quidem
352 3966 468 4024 nomina
481 3965 610 4038 priorum
624 3964 716 4030 videri
730 3961 860 4038 voluerit,
876 3967 972 4023 tamen
986 3980 1045 4024 uon
1055 3963 1207 4025 admodum
1223 3964 1259 4025 de
1272 3968 1398 4028 ‘varitate

117 4048 118 4052 ¹
222 4075 254 4130 et
266 4066 325 4130 fide
337 4070 474 4129 historica
489 4070 640 4129 sollicitum
654 4067 718 4128 fuit.

252 4207 255 4217 =
309 4174 420 4234 Eadem
435 4190 529 4260 eomes
545 4173 777 4253 Wolffgungusa
792 4172 930 4233 Gleiehan
945 4179 974 4234 et
988 4191 1061 4234 uxor
1076 4176 1139 4253 ejus
1154 4175 1330 4250 Magdaionu
1345 4193 1399 4238 neo

221 4295 280 4340 non
295 4278 515 4354 Wudpurgisab
529 4273 717 4355 Hennoberg,
743 4278 839 4340 Caroli
854 4297 872 4340 a
887 4275 1024 4339 Gleiehen
1038 4295 1124 4356 uuor,
1148 4295 1201 4356 par
1215 4280 1329 4342 litteras
1344 4299 1398 4343 nos

224 4385 393 4446 salutarunt.
827 4443 832 4460 „
1250 4431 1252 4435 -

311 4489 422 4552 Eadem
434 4487 549 4549 domino
560 4487 681 4564 Aiberto
692 4488 818 4552 Druooni
829 4496 889 4553 tres
899 4507 1003 4554 aureos
1016 4492 1047 4552 in
1059 4492 1243 4555 elemosinam
1256 4489 1397 4556 dedimus.
