3046 5104
732 385 796 450 tot

180 572 252 630 dnm
269 568 384 628 dimisit.
415 568 489 627 Eret
503 571 601 628 eutem
615 545 752 641 templum
767 565 983 628 refertissimam
998 567 1148 642 utriusque
1163 583 1248 627 sexus
1262 567 1355 626 bonsi-

180 676 275 748 nibus,
296 675 338 734 ito
359 678 393 732 ut
415 671 487 732 nihil
508 671 645 746 ponderis
665 671 711 730 vel
731 671 849 730 Interim
868 671 1015 736 illudnec
1038 673 1188 748 papisticm
1200 673 1356 732 minmlnio

181 781 290 842 hebere
304 776 464 838 mdmntm.
487 775 567 836 Deus
582 791 653 836 suos
664 781 695 836 et
709 775 853 850 edsugest
868 783 898 836 et
912 773 1068 836 confirmet.
1253 777 1257 792 '

248 874 253 886 '
273 885 352 944 Note
365 888 462 942 nutem
485 883 532 942 bic
551 898 660 942 morem
679 898 755 956 esse,
780 888 825 956 ut,
847 882 925 955 quod
939 888 1072 958 superest
1091 883 1127 942 de
1142 899 1217 956 pene
1231 887 1263 941 et
1277 882 1355 966 uino,

183 994 347 1074 reservetur
363 991 402 1061 et,
418 991 452 1046 nt
467 986 580 1062 dicitur,
595 985 708 1046 edituis
723 986 754 1044 in
768 1001 838 1046 osus
854 987 1024 1048 domesticos
1034 987 1122 1062 sedit,
1143 1003 1202 1047 non
1216 987 1278 1046 sine
1293 996 1355 1046 me·

179 1095 260 1158 nimo
282 1091 453 1168 simplicium
475 1089 657 1152 offendiculo.
695 1091 821 1152 Possunt
839 1096 935 1152 temen
958 1092 1044 1165 huius
1069 1090 1206 1167 (stipsis
1228 1085 1356 1163 ridetur)

184 1201 327 1260 rodonem
340 1195 463 1256 reddero
477 1197 703 1256 mcciommres.
740 1195 834 1254 Nullus
848 1195 915 1256 hnic
928 1197 1043 1272 negotio
1057 1201 1151 1256 vestes
1167 1211 1257 1255 sncree
1272 1193 1355 1254 cdbi·

185 1305 298 1377 bentur,
314 1319 368 1363 nec
382 1303 459 1365 cerei
474 1302 609 1362 ardentes
624 1301 670 1362 vel
685 1299 833 1376 quippiam
845 1295 1049 1362 consuetorum
1058 1301 1296 1374 cerimonicrum,
1305 1299 1358 1360 ssd

187 1413 311 1488 populus
326 1409 382 1469 Dei
395 1408 427 1468 in
440 1408 554 1468 silentio
568 1413 599 1468 et
612 1421 664 1481 spe
679 1413 709 1471 et
722 1406 933 1468 letitie-cordis
947 1408 1044 1467 munit
1058 1405 1226 1482 peragebat.
1249 1406 1356 1472 Romo-

188 1517 284 1576 nensis
299 1519 396 1574 notem
410 1513 544 1589 populus,
560 1511 725 1586 imperetur,
741 1527 803 1586 rex,
819 1511 986 1586 purpurati,
1002 1512 1133 1588 crucibus
1149 1509 1232 1584 elbis,
1256 1509 1357 1584 nigris,

189 1619 296 1692 rubeis,
312 1618 451 1679 viridibus
466 1618 684 1692 signetipotres
699 1631 763 1676 cum
778 1615 932 1690 episcopis,
951 1615 1127 1690 principibus
1149 1621 1179 1675 et
1192 1615 1360 1690 proceribus

188 1741 260 1786 suro
275 1723 434 1800 phaleratis
447 1723 650 1783 asturconibus
665 1725 695 1782 et
709 1721 792 1780 mulis
806 1724 882 1782 vecti
896 1738 960 1780 com
979 1721 1102 1782 terribili
1116 1725 1299 1782 teretcntcrs
1312 1725 1358 1779 tu·

190 1832 292 1892 berum
306 1834 337 1889 et
350 1834 552 1905 tympanorum
566 1828 690 1902 strepitu
701 1837 789 1886 mund
804 1831 916 1886 srmcte
930 1843 988 1886 non
1003 1826 1107 1900 exigue
1121 1825 1220 1900 stipeti
1236 1824 1358 1884 domini-

189 1951 254 1994 eum
268 1935 408 2013 Augusto
421 1937 533 2007 petunt,
549 1930 1034 2006 ubinrohiepistcpuslioloniensis
1049 1929 1174 1992 officium
1184 1929 1230 2007 (ut
1243 1918 1360 2006 recent)

190 2042 286 2101 missus
302 2039 438 2112 celebret,
453 2039 494 2098 ibi
508 2043 662 2098 concentus
678 2040 707 2096 et
721 2035 931 2096 modulationes
940 2037 1029 2096 reric
1038 2041 1068 2096 et
1082 2035 1227 2096 obruerit
1241 2035 1359 2108 eoelum;

191 2146 424 2208 tumultuantium
439 2159 523 2204 uoces
538 2143 644 2216 multoe,
661 2141 778 2215 spiritus
792 2135 957 2222 perpurum.
1078 2220 1081 2225 ι

278 2247 464 2310 Reuerendus
479 2245 616 2324 (sed-suis
629 2242 754 2320 tentum>
775 2246 905 2306 domnus
919 2246 1046 2306 Micbsel
1060 2244 1289 2321 Mogontinensis
1304 2239 1362 2304 soi·

190 2356 344 2430 trsgsncue
366 2354 442 2413 inter
466 2351 525 2412 olis
538 2339 603 2412 ¹'eum
616 2339 835 2425 'predicatoris
856 2352 997 2424 preclare
1016 2351 1093 2418 dioto
1106 2351 1170 2412 Deo
1190 2350 1299 2424 gratim
1313 2352 1361 2425 ogi

188 2459 287 2534 jubet,
310 2450 388 2530 cuod
403 2471 438 2516 eo
451 2473 500 2516 res
515 2455 715 2528 devenissent,
737 2460 771 2514 nt
790 2471 890 2514 rursus
911 2472 964 2528 pro
986 2457 1078 2516 veteri
1092 2456 1219 2516 ecclesius
1234 2472 1360 2516 romnnae

181 2555 358 2626 'cmhcdoxm
378 2567 408 2622 ot
430 2561 577 2622 mmolicoe
597 2561 656 2620 ritu
679 2565 888 2622 estrumentum
910 2559 1015 2633 populo
1037 2560 1092 2628 sub
1105 2577 1164 2620 uns
1177 2557 1273 2636 specie
1287 2577 1361 2634 pre·

191 2669 262 2730 bere
275 2667 379 2728 limet
407 2667 465 2728 Sed
479 2668 518 2727 sit
531 2683 600 2727 suns
615 2667 744 2741 scrophae
758 2664 855 2726 fietus.
894 2663 1106 2738 Christusipse
1127 2681 1208 2724 suem
1224 2663 1362 2728 defendet

189 2772 321 2848 glorium.
344 2753 348 2760 ”
1247 2785 1259 2798 ·“
1290 2771 1304 2792 ”

281 2877 404 2940 Domine
417 2877 496 2953 lesu,
513 2878 677 2938 dominetur
696 2876 811 2937 domine
825 2881 856 2936 et
870 2891 923 2936 ren
937 2891 1047 2951 regum,
1064 2877 1114 2951 qui
1129 2875 1212 2936 nobis
1227 2875 1264 2936 de
1278 2876 1359 2938 boni

192 2987 253 3046 mm
267 2987 318 3044 tus
330 2999 435 3059 mugne
455 2983 542 3044 hodie
556 2983 722 3042 memoriam
735 2975 873 3059 prestitis
892 2986 951 3040 tuae
960 2977 1157 3058 promissionis
1172 2981 1210 3043 de
1223 2981 1361 3042 mittendo

193 3089 296 3165 spiritu
310 3093 360 3149 tuo
374 3089 521 3164 persoletc
542 3087 706 3164 benigniter
724 3064 882 3161 innovasti,
905 3092 936 3146 te
950 3085 1096 3148 humiliter
1110 3086 1306 3162 deprecemur,
1328 3092 1362 3147 ut

192 3196 243 3272 qui
263 3194 385 3256 eundem
408 3199 489 3283 tuum
509 3189 641 3267 spiritum
655 3175 792 3267 apostolis
807 3193 865 3252 tuis
884 3193 1058 3252 unanimiter
1078 3193 1259 3268 congregatis
1278 3194 1362 3266 juxte

193 3301 344 3362 veritetem
366 3305 445 3359 tuem
464 3297 581 3377 misisti,
603 3298 641 3358 ds·
660 3302 691 3356 et
709 3297 792 3357 nobis
815 3299 845 3356 in
865 3298 921 3358 hoc
942 3300 1046 3372 spiritu
1059 3315 1148 3360 unum
1163 3305 1193 3360 et
1207 3297 1316 3374 cedem,
1331 3305 1363 3360 et

192 3406 268 3466 sicut
286 3403 407 3463 ecclesie
425 3403 548 3475 tucjem
562 3403 651 3462 multo
670 3407 800 3488 tempore
820 3403 902 3466 odie
925 3405 1045 3480 clamet,
1063 3411 1149 3466 recte
1167 3421 1277 3481 supere.
1315 3404 1363 3466 De

192 3512 258 3586 igne
278 3509 384 3570 umoris
406 3509 469 3581 ejus
492 3507 580 3568 cordo
602 3512 702 3569 nostre
723 3510 934 3584 accendentur,
960 3526 998 3570 ne
1018 3492 1151 3571 innubis
1173 3511 1220 3572 vel
1232 3509 1362 3571 fraterno

192 3614 317 3676 sunites
338 3609 521 3688 refrigescet,
546 3614 592 3700 uel
611 3610 684 3704 tides
698 3611 822 3700 deficiet.
860 3616 921 3676 Det
934 3621 965 3676 et
978 3611 1175 3690 in'prosperis·
1190 3621 1220 3676 et
1233 3613 1361 3676 eduensis

191 3721 277 3793 hujus
291 3713 432 3794 perceleri
458 3717 670 3791 suggestionem
692 3718 825 3794 experiri,
836 3725 866 3780 et
886 3720 923 3790 de
941 3721 1003 3794 ejus
1018 3714 1210 3780 consolatione
1221 3720 1360 3794 gaudere.

97 3884 105 3892 ,
191 3825 221 3884 Is
236 3823 353 3898 spiritus
367 3827 434 3884 tuus
448 3822 540 3882 bonus
555 3839 607 3884 uos
622 3825 652 3882 in
666 3841 778 3885 omnem
792 3820 956 3900 ueritatem,
978 3803 1053 3886 siout
1066 3813 1232 3900 promisisti,
1248 3842 1266 3884 o
1280 3843 1362 3894 uers-

191 3929 304 3991 cissime
318 3927 398 4002 lesu,
414 3926 538 3988 deducet
551 3933 706 4004 regatque,
731 3935 764 3990 ut
777 3930 846 4012 boni
861 3935 891 3990 et
905 3931 976 3991 recti
991 3931 1078 3992 eorde
1094 3927 1264 4006 efficiemur,
1280 3935 1311 3991 et
1325 3949 1362 3996 ue

192 4039 256 4096 ste
270 4031 446 4098 declinantes
461 4033 500 4092 od
511 4033 587 4094 -evis
602 4039 632 4094 et
646 4035 805 4108 crepundia
825 4029 925 4094 mundi
947 4036 1034 4110 huius
1057 4052 1093 4096 ne
1108 4053 1127 4095 e
1140 4042 1248 4096 tecum
1268 4036 1362 4110 impiis

187 4137 357 4213 judicemur.
397 4136 454 4198 Sed
466 4138 513 4198 sit
531 4139 613 4200 nobis
634 4140 664 4197 io
679 4143 708 4198 tc
718 4132 780 4212 'peu
794 4153 881 4214 super
894 4140 1000 4214 isreel,
1025 4156 1083 4216 pox
1097 4141 1205 4214 cordis,
1222 4157 1281 4216 pux
1295 4157 1362 4202 con-

192 4243 328 4318 scientie,
344 4259 402 4318 pox
416 4244 563 4318 temporis.
617 4242 689 4317 Hoc,
705 4244 832 4319 inquem,
848 4245 1010 4320 benigniter
1023 4251 1164 4321 prestere
1178 4245 1305 4320 digneris
1319 4251 1361 4320 tu,

192 4348 263 4408 issu
278 4346 407 4423 Christe,
430 4349 474 4408 cui
496 4347 565 4406 date
584 4351 636 4406 cst
649 4349 740 4406 omnis
763 4353 890 4435 potestus
913 4351 944 4408 in
958 4347 1032 4410 coelo
1055 4355 1084 4410 et
1098 4351 1128 4408 in
1143 4355 1231 4425 terro,
1255 4352 1362 4426 nmque

193 4458 331 4514 uenturus
347 4469 378 4514 es
389 4451 522 4527 indicere
537 4451 615 4511 rivos
630 4456 659 4512 et
673 4457 802 4514 mortuos
816 4460 846 4514 et
860 4455 986 4518 seculum
1000 4469 1053 4529 per
1067 4455 1173 4530 ignom.
1212 4507 1215 4512 .
