3054 5110
747 379 790 448 5³

115 637 121 648 .
176 567 269 642 missi,
294 565 436 646 cumipse
451 565 654 640 consultaturi,
678 565 803 640 adimus,
826 565 905 642 apud
919 579 1004 642 quem
1017 567 1085 630 binc
1099 568 1167 632 inde
1180 567 1368 647 disputatum·

177 679 237 748 est,
259 671 312 732 sad
325 669 458 746 frugiferi
478 687 579 744 purum
598 669 665 731 inde
685 670 836 732 emanavit.
874 671 975 732 Visum
994 679 1039 734 est
1059 673 1142 736 nobis
1161 675 1360 752 ob-quosdam

176 792 327 838 sermones
346 791 498 836 nuvercam
518 777 612 835 nostri
632 777 778 852 egregiam
797 777 970 838 mentionem
986 778 1024 856 (si
1036 778 1204 856 diiuolunt)
1220 781 1299 856 apud
1313 797 1360 842 oo·

176 884 277 944 mitem
292 881 477 942 wilhelmum
491 879 603 942 iecisse.
1202 870 1208 876 ⁴

269 987 411 1048 conditur
426 1001 518 1046 novus
537 986 674 1046 articulus
693 987 771 1047 iuter
786 985 985 1048 coloniensem
999 994 1030 1049 et
1044 1003 1105 1048 nos.
1146 991 1176 1052 Si
1191 990 1357 1066 recipiatur,

176 1098 213 1152 ct
222 1093 313 1153 alium
327 1093 374 1151 hic
388 1085 593 1166 procreaturus
610 1095 662 1150 est.

268 1196 367 1256 Haec·
358 1213 423 1270 apsa
443 1195 504 1254 dies
523 1196 661 1256 terminus
681 1202 745 1256 crat
770 1201 884 1256 centum
903 1202 933 1258 ιι
952 1199 1163 1274 sesquicentum
1182 1166 1356 1262 florenorum

176 1283 311 1365 novercae
332 1301 363 1360 in
383 1301 541 1362 vitalicium
561 1300 772 1361 solvendorum.
816 1303 960 1372 Martirms
982 1304 1111 1385 Bucerus
1133 1312 1234 1366 contra
1255 1303 1355 1367 Vintu-

176 1408 317 1466 nicusem.

268 1511 318 1572 Ab
328 1511 491 1572 hominibus
505 1511 590 1584 hujus
606 1511 694 1596 seculi
713 1511 897 1574 condemnari
911 1519 941 1574 et
954 1514 1054 1576 haberi
1068 1515 1193 1577 ludibrio
1207 1518 1356 1630 proprium

94 1689 97 1694 1
177 1619 229 1677 ιιι
239 1632 348 1691 comm,
366 1633 438 1690 quos
450 1614 591 1690 justificat
607 1621 637 1676 et
650 1592 794 1692 glorificat
809 1619 888 1678 deus.
1421 1700 1423 1704 Ι

268 1721 379 1781 Eadem
395 1721 462 1784 dum
478 1720 600 1782 Caesaris
620 1723 730 1798 aliquot
749 1739 883 1799 proceres
903 1724 990 1784 aulici
1004 1725 1063 1800 pila
1077 1727 1204 1786 ludunt
1195 1745 1226 1786 un
1240 1729 1355 1790 theatro

176 1829 413 1902 nugusunornn
428 1823 530 1886 ciuium
546 1829 678 1901 expensis
693 1833 723 1908 et
737 1835 852 1902 sumptu
866 1831 897 1888 in
911 1830 966 1889 hcc
980 1835 1158 1906 constructo,
1180 1805 1276 1892 subito
1290 1847 1352 1894 utu·

176 1949 228 1994 rus
245 1933 350 1993 cadens
365 1931 507 2007 subsidet,
528 1933 611 1992 ruina
626 1948 679 1991 ιιι
692 1933 814 1992 latomos
829 1934 900 1994 duos
917 1939 946 1993 et
960 1951 1018 1994 nou
1033 1950 1140 2010 paucos
1156 1927 1192 1995 es
1206 1935 1270 1996 aliis
1284 1934 1350 1998 bra·

164 2039 251 2104 ,chiis
271 2043 301 2098 ιι
315 2039 445 2098 cruribus
464 2037 586 2112 laedens,
608 2039 675 2097 licet
693 2039 813 2098 vetitum
832 2041 870 2098 sit
889 2055 925 2099 no
946 2038 1118 2116 proderetur
1137 2056 1225 2100 unum
1245 2047 1295 2103 aut
1309 2042 1351 2102 al·

177 2150 275 2204 terum
290 2159 326 2202 ex
340 2143 478 2203 hoc.casu
492 2149 614 2202 mortem
628 2145 793 2218 oppetiisse.

269 2249 359 2325 Iberi,
383 2249 433 2322 qui
453 2249 484 2308 in
506 2247 612 2308 ducatu
632 2249 881 2326 wirtembergensi
906 2249 1193 2340 hybernaegerunt,
1217 2250 1353 2329 Hispanis

110 2357 114 2362 '
176 2357 237 2416 suis
254 2353 392 2430 Aummtae
412 2354 593 2428 torpentibus
607 2355 735 2429 quotidie
750 2357 1002 2431 plaustra'aliquot
1014 2354 1115 2416 ferinae
1129 2354 1255 2426 mittunt.
1278 2357 1353 2420 Nar·

177 2465 275 2522 ratum
290 2447 503 2546 quoquc'nobis
518 2465 576 2532 est,
600 2461 753 2520 somarium
767 2479 855 2522 unum
870 2461 916 2521 hic
930 2461 1068 2536 Augustae
1083 2460 1261 2522 habitantem
1279 2469 1352 2526 nuu-

176 2569 281 2640 gentas
301 2580 451 2624 cervorum
469 2565 560 2639 pelles
583 2570 743 2624 exsenatu
757 2567 951 2640 Hispanorum
970 2567 1025 2626 sibi
1044 2566 1100 2626 hac
1119 2572 1221 2648 aestate
1239 2584 1353 2646 compa·

175 2685 268 2729 rasse.
306 2669 354 2729 Sic
368 2670 465 2728 miseri
480 2667 617 2728 Germani
631 2685 734 2744 magno
751 2672 941 2744 agricolarum
958 2669 1108 2746 dispendio
1124 2679 1154 2731 et
1167 2673 1295 2746 ipsorum
1308 2675 1352 2735 lu·
1379 2695 1383 2700 ·

70 2788 72 2794 ’
166 2773 271 2836 ἰιιιιιο
291 2773 441 2834 iberorum
463 2779 493 2834 et
511 2775 657 2849 regiorum
677 2775 858 2836 adulatorum
883 2777 961 2849 genti
980 2791 1047 2834 suas
1069 2778 1235 2838 venatores
1256 2784 1350 2840 res'sr·
1389 2848 1391 2851 ,

165 2883 292 2940 ⁴verunt.

266 2983 389 3046 Domine
403 2983 484 3045 Deus
505 2989 535 3044 ιι
549 2990 632 3060 pater
652 2985 792 3058 coelestis,
814 2989 847 3044 tu
865 2985 928 3060 ipse
943 2999 988 3057 es,
1008 2985 1058 3058 qui
1077 2990 1107 3044 ct
1125 3001 1245 3058 quorum
1260 2991 1293 3048 tu
1307 2989 1351 3050 vis

163 3091 322 3150 misereris
337 3096 366 3150 et
381 3107 480 3150 eorum
495 3092 640 3151 crationes
656 3087 783 3149 exaudis.
807 3088 965 3161 Propterea
973 3088 1012 3147 ad
1021 3093 1050 3147 tc
1059 3090 1151 3148 omnis
1166 3085 1233 3150 carc
1246 3093 1348 3155 ueniet

174 3195 291 3254 Exaudi
311 3210 377 3268 nos,
398 3211 574 3268 quesumus,
595 3211 648 3270 per
667 3193 865 3254 admirabilem
880 3193 1021 3268 justitiam
1038 3199 1126 3253 tuam.
1166 3194 1211 3253 Tu
1226 3181 1303 3254 enim
1317 3211 1349 3258 es

174 3297 257 3360 Deus
271 3300 405 3360 salutaris
421 3303 519 3360 umber
534 3305 636 3373 etspcs
649 3300 774 3360 omnium
788 3297 888 3362 linium
902 3304 988 3389 terrae
1004 3313 1038 3358 ac
1052 3315 1070 3358 a
1084 3300 1158 3358 mari
1172 3295 1267 3375 longe,
1283 3315 1349 3376 pro·

174 3405 264 3481 pitius
284 3409 346 3464 esto
362 3403 523 3464 Germaniae
542 3409 600 3464 tuae
621 3407 775 3466 innumeris
794 3405 886 3466 modis
906 3403 1107 3465 afflictissimae.
1146 3404 1211 3465 Tibi
1230 3399 1350 3467 'dominc

173 3509 312 3584 fatemur,
329 3510 521 3585 peccavimus,
540 3515 756 3590 contemnentes
769 3515 850 3570 tuum
864 3510 983 3570 uerbum
999 3515 1029 3568 et
1041 3509 1149 3584 ingrati
1163 3525 1234 3585 erga
1248 3511 1348 3590 benig-

164 3615 296 3675 nitatem
309 3619 390 3674 tuam
404 3612 518 3686 suimus.
541 3605 701 3689 Propterea
715 3615 797 3675 nobis
811 3615 874 3674 haec
887 3615 964 3674 mala
978 3614 1074 3674 omnia
1089 3607 1267 3696 contingunt.
1291 3615 1350 3676 Sed

164 3735 261 3794 nnnc,
287 3720 409 3803 domine,
426 3718 659 3806 recordatusxfilii
673 3717 864 3798 pacificatoris
880 3723 909 3778 et
920 3717 1124 3804 misericordia
1139 3712 1197 3778 ιιι
1212 3721 1348 3796 antiqua,

170 3832 210 3886 tu
223 3839 277 3885 nos
292 3825 417 3899 corripe,
441 3825 492 3884 sed
507 3841 565 3885 non
579 3823 722 3906 indurorc
737 3827 789 3884 irae
804 3830 875 3900 tua,
900 3839 934 3882 ao
953 3823 1046 3882 libera
1065 3837 1118 3882 nos
1138 3823 1174 3882 de
1188 3808 1279 3898 'gente
1293 3821 1349 3885 hac

157 3945 236 3990 non
251 3929 364 3993 sancta!
402 3929 442 3988 Et
456 3931 524 4003 quia
539 3931 660 4002 populus
675 3935 742 3989 tuus
757 3945 854 3989 sumus
869 3943 993 4003 ovesque
1009 3943 1123 4001 pascuae
1138 3931 1208 4001 tuae,
1228 3929 1262 3988 in>
1273 3930 1349 3990 uiam

164 4040 256 4094 tuam
267 4050 320 4094 nos
332 4033 433 4094 reduci
449 4034 618 4107 Quanquam
627 4035 711 4108 enim,
728 4017 931 4108 opaterjuste,
942 4033 1044 4103 millies
1053 4034 1164 4108 majora
1178 4034 1222 4094 his
1236 4047 1348 4095 mersa·

174 4155 250 4212 mur,
267 4139 335 4212 quia
349 4142 447 4200 tamen
461 4139 537 4214 apud
551 4144 581 4198 te
595 4138 761 4212 propitiatio
776 4143 829 4213 est,
845 4139 982 4199 terribilis
997 4155 1055 4198 nou
1068 4139 1116 4213 sis,
1132 4137 1221 4225 idque
1233 4153 1287 4214 par
1299 4138 1350 4201 ds·

160 4259 240 4305 ,ιιι
255 4241 400 4304 Christum
416 4244 551 4304 diacum
573 4241 662 4304 filium
685 4248 781 4318 tuum,
806 4244 855 4316 qui
875 4249 969 4303 ιιιιι
989 4259 1056 4304 ιιι
1067 4259 1089 4303 ι.
1105 4245 1209 4318 spiritu
1229 4244 1300 4305 virtu
1321 4249 1352 4306 ιι

175 4353 282 4424 regnat
296 4365 370 4410 unus
385 4353 415 4409 et
428 4349 604 4410 insumens·
613 4365 666 4424 per
677 4349 776 4408 'omnia
790 4347 887 4408 secula
901 4348 1069 4409 seculorum.
1093 4347 1193 4422 Amen.
1280 4359 1281 4364 ’

250 4465 252 4470 ’
266 4453 301 4514 In
316 4454 434 4517 consilio
449 4455 591 4537 imperiali
605 4453 762 4530 siquando
779 4457 921 4516 tentatum
936 4457 993 4528 cst,
1015 4451 1169 4544 rebellibus
1183 4453 1214 4514 iu
1227 4455 1350 4530 mutiam
