3046 5104
682 445 758 510 ile,

115 625 195 684 male
212 623 359 684 ordinauit
372 639 508 709 unquam,
533 629 563 682 et
578 629 622 682 est
636 627 821 699 magistratus
842 641 924 711 aeque
945 603 1087 712 ordinatio
1102 631 1166 707 Dei,
1190 649 1224 704 ac
1239 639 1297 694 sta·
1328 627 1331 631 ’

115 737 166 788 ιιι
181 727 361 811 matrimonii
374 734 433 794 etc,
465 729 578 796 Deinde
594 727 717 790 officium
732 731 844 812 boniet
859 728 935 808 frugi
956 735 1024 792 civia
1045 735 1138 794 obiter
1159 739 1297 812 depinxit,

114 835 244 893 innuens
260 850 346 907 quam
361 836 386 892 is
400 834 472 892 nihil
486 817 667 912 apotestate
689 835 743 894 sibi
764 828 864 897 timere
886 837 990 898 debeat
1011 845 1065 898 etc.
1096 841 1145 900 Ait
1160 843 1297 902 autem'd.

115 939 244 996 Paulum
267 940 313 1012 hic
337 939 393 998 duo
416 954 539 1012 ponere,
569 939 676 1019 scilicet
697 940 895 1012 magistratum
922 937 946 1000 ι’
962 943 1026 1002 Deo
1051 947 1213 1004 ordinatum
1236 965 1298 1007 esse

115 1044 282 1102 ministrum
290 1043 361 1118 Dei,
385 1044 467 1102 bonis
480 1027 513 1102 ιιι
527 1043 640 1116 hdnum,
662 1045 746 1102 malis
766 1048 797 1102 in
817 1046 922 1129 malum
942 1053 1028 1122 atque
1043 1054 1205 1110 terrorem:
1224 1053 1298 1110 Esse

115 1149 210 1222 igitar
232 1151 432 1222 magistratum
453 1153 646 1224 protectorem
666 1154 698 1207 et
719 1147 860 1223 refugium
882 1151 1035 1228 bonorum,
1067 1157 1206 1218 malorum
1229 1172 1298 1216 uero

116 1248 331 1312 destructorem
357 1257 391 1311 et
413 1252 593 1326 depulsorem
623 1253 750 1311 malitiae.
790 1253 992 1328 Magistratum
1017 1276 1131 1332 quoque
1153 1262 1229 1320 serio
1254 1263 1298 1320 ιιιι

116 1357 249 1420 muneris
270 1359 410 1416 rationem
432 1355 680 1443 haberesmcnuit,
704 1363 805 1432 utpote
826 1361 991 1446 quosDeus
1011 1363 1160 1426 ‹livinisui
1176 1366 1298 1424 ιιοιιιιιιιι

116 1459 277 1536 participes
297 1459 413 1534 iecerit,
445 1466 475 1520 et
498 1477 569 1534 quos
592 1461 619 1520 d.
643 1459 821 1534 Paulushic
843 1463 1052 1528 ordinationem
1076 1468 1131 1528 Dei
1156 1476 1185 1528 et
1207 1471 1297 1544 ipsius

116 1551 268 1626 ministros
288 1566 429 1639 appellet,
446 1571 483 1624 -et
505 1580 562 1638 quo
584 1567 657 1624 scire
680 1567 804 1640 possint,
829 1555 959 1641 quaenam
982 1573 1027 1638 sui
1049 1550 1140 1632 officii
1157 1575 1223 1648 sint,
1247 1593 1297 1660 eos

116 1671 199 1748 id.(l
216 1669 261 1746 ιιι)
277 1670 474 1744 addiscerent
493 1669 531 1729 ad
545 1671 689 1730 Psalmum
706 1673 747 1729 82
764 1659 884 1730 remisit.
917 1672 1027 1748 (Habet
1041 1683 1137 1752 autem
1151 1679 1198 1738 hie
1213 1679 1294 1738 Ριιι-

113 1791 182 1834 mes
205 1769 421 1855 inscriptionem
445 1773 508 1842 Ode
530 1776 629 1850 Asaph
652 1782 681 1833 et
702 1793 801 1834 versus
820 1783 888 1866 octo
891 1773 928 1852 .)
943 1773 1045 1852 Quare
1068 1797 1125 1838 non
1135 1783 1244 1856 pigeat
1267 1788 1297 1840 te

116 1885 213 1970 ipsum
235 1881 342 1970 legere.¹
383 1881 455 1938 Item
477 1882 572 1953 jussit
586 1881 734 1956 inspicere
752 1859 874 1954 primbrn
897 1881 991 1940 Esaiae
1009 1890 1103 1956 caput
1130 1891 1159 1940 et
1185 1885 1297 1944 Moisen

117 1961 264 2068 dicentem
277 1962 379 2066 1«ξιιιιιι
394 1986 470 2058 quod
483 1987 591 2058 justum
610 1989 654 2044 est
665 1985 823 2058 judicate«
844 1984 855 2020 1
884 1987 957 2044 Item
979 1974 1056 2060 quod
1080 1985 1244 2047 defensores
1267 1995 1297 2048 et
1379 1976 1382 1996 '

117 2077 351 2165 propugnatores
365 2105 441 2148 verae
456 2087 604 2163 religionis
619 2105 652 2147 ac
667 2088 747 2148 verbi
762 2085 818 2148 Dei
837 2073 1030 2150 ministrorum
1051 2097 1080 2150 et
1094 2085 1227 2152 iu'verbo
1244 2094 1295 2174 do-

117 2195 191 2252 mini
206 2193 369 2268 praescripti
386 2193 476 2252 divini
491 2195 583 2268 cultus
599 2193 731 2252 custodes
748 2195 812 2258 siut.
829 2193 883 2253 ¹Et
902 2211 918 2251 e
934 2185 1035 2254 contra
1056 2213 1162 2272 eorum,
1178 2171 1208 2259 in
1224 2215 1296 2270 quos

118 2280 249 2372 gladium
264 2315 346 2384 ιιιιιιιι
361 2299 465 2372 stringi
480 2297 591 2372 debeat,
615 2299 776 2382 catalogum
797 2316 833 2356 ex
848 2285 939 2358 Paulo
961 2301 998 2360 ad
1019 2299 1147 2360 Corinth.
1169 2301 1296 2376 adduxit,

117 2405 255 2462 nimirum
270 2405 300 2461 in
315 2401 470 2476 adulteros,
494 2404 525 2460 in
540 2400 691 2476 veneficos,
716 2403 864 2476 idolatras,
883 2403 1062 2482 adulatores,
1085 2408 1219 2478 cynaedos
1236 2413 1296 2467 etc.

116 2507 164 2566 De
188 2509 281 2567 abusu
301 2523 413 2582 quoque
425 2487 522 2589 gladii
543 2492 687 2566 disseruit
719 2507 888 2580 Exemplum
910 2509 1005 2584 Pilati,
1030 2512 1079 2583 qui
1100 2491 1195 2569 sciens
1212 2511 1294 2582 Chri·

117 2617 195 2670 stum
217 2613 367 2680 innoxium
393 2609 553 2696 damnavit,
584 2629 648 2670 cum
670 2618 765 2670 tamen
790 2612 921 2673 Christus
946 2615 1052 2672 nullius
1077 2616 1203 2674 criminis
1228 2633 1295 2674 reus

117 2719 172 2777 ulli
194 2735 322 2792 unquam
341 2685 447 2778 malum
468 2715 611 2791 intulerit,
636 2717 715 2776 sed
707 2733 826 2790 insuper
847 2718 977 2777 omnibus
998 2717 1181 2794 benefecerit
1205 2720 1295 2780 addu-

117 2841 198 2898 cens,
223 2840 313 2897 aquo
328 2840 380 2882 suo
395 2823 584 2911 antesignano
607 2839 664 2880 non
684 2823 756 2880 mult
743 2827 804 2880 tum
826 2823 930 2895 absint,
954 2824 1003 2894 qni
1022 2823 1100 2882 hisce
1119 2825 1296 2896 temporibus

117 2932 257 2988 innocuos
272 2929 488 2988 concionatores
509 2931 538 2984 et
559 2927 631 2984 alios
651 2931 752 2984 contra
773 2927 975 2984 conscientiam
995 2927 1072 2984 mille
1087 2927 1178 2985 modis
1194 2945 1294 2988 excru-

118 3034 206 3092 ciant.
238 3034 329 3092 lussit
349 3035 439 3106 igitur
461 3033 502 3115 ite
522 3033 610 3088 vitam
631 3046 685 3088 nos
706 3031 859 3101 instruere,
870 3045 919 3085 ne
922 3029 1091 3120 magistrta
1092 3047 1125 3087 us
1139 3031 1223 3088 nobis
1238 3038 1296 3090 ter-

118 3139 181 3196 rori
195 3140 243 3210 sit,
268 3143 297 3196 et
312 3139 448 3210 cogitare,
473 3110 550 3207 guod
565 3151 623 3192 non
639 3133 713 3191 frust
700 3138 747 3204 ιιι
761 3131 886 3206 gladium
900 3111 1054 3206 portet.

210 3244 237 3300 A
252 3243 397 3314 concione,
422 3221 489 3298 dum
504 3237 716 3315 obsecrationes
731 3235 796 3296 fieri
810 3235 900 3310 iubet,
924 3254 977 3310 pro
998 3241 1141 3310 potestate
1163 3195 1295 3300 ecclesia-

119 3341 201 3421 stica,
225 3327 358 3418 nimirum
374 3363 442 3419 pro
439 3343 690 3426 dispensatoribus
705 3340 786 3402 verbi
801 3342 899 3415 divini,
916 3345 1029 3416 cretes
1022 3345 1124 3417 inquit,
1140 3327 1296 3422 dominum,

118 3458 152 3510 ut
174 3453 323 3524 operarios
344 3453 375 3509 in
395 3465 517 3506 mercem
540 3464 619 3506 suam
642 3423 784 3506 extrudet.
815 3445 902 3506 Multi
879 3434 999 3506 tenim
1020 3453 1096 3522 sunt,
1120 3451 1169 3522 qui
1191 3466 1295 3508 nomen

118 3557 271 3643 potestatis
286 3527 435 3632 appetunt,
460 3551 561 3630 opimis
576 3549 721 3612 beneficiis
736 3552 870 3654 gandent,
894 3553 946 3612 sed
960 3568 1033 3611 οιιι
1054 3551 1161 3611 Christi
1176 3569 1295 3640 pascere

119 3666 270 3734 recusent,
286 3651 421 3747 lahorem
444 3655 670 3733 subterfugiunt,
643 3637 772 3716 tsicut
791 3663 820 3714 et
841 3654 996 3728 innumeri,
1028 3659 1077 3728 qui
1099 3657 1242 3729 principes
1266 3661 1295 3714 et

119 3765 229 3822 domini
243 3765 340 3824 vocari
355 3763 492 3840 ambiunt,
516 3762 710 3844 reperiuntur,
735 3759 849 3818 omnino
865 3767 960 3818 autern
981 3759 1116 3822 officiiet
1104 3765 1219 3822 taccat
1220 3761 1294 3818 ionis

120 3885 181 3952 suae
196 3871 338 3957 rationem
352 3868 459 3927 habere
474 3871 542 3940 cont
529 3851 669 3924 temnunt.
853 3867 856 3872 '
1124 3923 1126 3930 ,

192 3971 335 4046 Domine
350 3973 438 4046 Deus,
463 3972 635 4047 misericors,
653 3969 731 4040 juste
748 3973 777 4026 et
787 3985 901 4042 magne,
923 3970 991 4041 quia
1005 3967 1083 4026 nulla
1097 3973 1148 4041 pot
1136 3928 1224 4026 testas
1239 3973 1292 4040 est,

119 4081 177 4138 nisi
197 4095 215 4144 a
234 4084 264 4138 te
284 4079 427 4150 ordinata,
452 4078 501 4148 qui
522 4055 552 4132 et
569 4089 615 4130 me
637 4067 864 4149 indignissimum
884 4079 997 4148 quoque
1019 4075 1049 4130 in
1069 4073 1232 4133 vocatione
1240 4072 1294 4130 hac

121 4199 185 4241 esse
200 4181 326 4255 voluisti,
350 4197 470 4254 cumque
485 4180 580 4258 ιιιιιιιιι
596 4194 721 4249 unquam
740 4177 828 4260 fuerit
846 4183 905 4238 tam
925 4159 1048 4267 sanctus,
1073 4177 1173 4242 doctus
1194 4182 1245 4234 aut
1259 4191 1294 4234 ea

120 4285 276 4378 prudentia
291 4281 439 4377 praeditus,
464 4301 520 4372 quo
535 4299 646 4354 munus
653 4282 724 4341 illud
735 4287 871 4378 sanetum
888 4261 1043 4356 potestatis
1060 4297 1095 4340 ex
1114 4282 1191 4338 omni
1210 4243 1294 4353 parte

199 4503 316 4554 l-Exod,
336 4505 381 4552 18.'
396 4479 480 4550 Deut.¹
496 4503 536 4550 16.

167 4625 283 4670 Waldeak.
491 4687 492 4690 Ἴ
877 4641 878 4644 ’
929 4641 967 4645 ··
1061 4590 1079 4644 8
1145 4639 1148 4642 ·
