3046 5104
678 419 740 484 145

210 596 320 662 Eadem
335 597 443 660 Florus
454 615 554 658 rursus
569 599 718 672 aprandic
728 597 949 668 attrebatensem
963 593 1119 672 convenit(
1133 594 1192 656 Sed
1207 593 1297 656 surdo

118 703 220 768 fabula
241 706 407 772 canebatur.
444 704 632 778 Pinsingerus
652 705 769 777 quidem
790 704 864 764 bene
879 703 1009 775 volebat,
1025 717 1125 762 uerum
1137 702 1252 762 occasio
1267 698 1298 759 e't

120 808 220 873 nescio
238 812 302 884 quis
317 811 411 870 malus
424 811 524 886 genius
538 810 582 868 illi
597 809 717 870 obstitit.
768 867 771 870 .
800 793 804 797 ’

199 915 343 974 -Marcbio
357 914 499 990 Jcanne's,
524 913 666 972 Joacbimi
690 915 821 974 electoris
842 912 947 986 irater,
974 913 1023 986 qui
1037 911 1184 978 Francisci
1198 909 1295 968 Lune-

119 1018 274 1092 burgensis
296 1020 376 1078 ducis
397 1018 532 1091 ditiones,
554 1034 626 1092 quas
649 1027 740 1080 caesar
761 1019 924 1078 rebellionis
938 1031 1019 1096 ,ergo
1043 1017 1081 1076 ad
1101 1032 1132 1074 se
1151 1015 1297 1090 pertinere

119 1129 214 1200 putat,
232 1123 288 1200 sibi
303 1139 484 1199 comparasse
500 1122 614 1194 dicitur,
630 1120 782 1180 admodum
796 1122 1049 1196 exigucsatellitio
1059 1120 1126 1180 binc
1140 1120 1236 1179 multis
1251 1117 1296 1178 in·

122 1229 259 1288 salutatis
274 1229 380 1288 abiisse
396 1214 514 1287 deitas
1082 1301 1083 1306 η
1140 1219 1142 1228 ’
1176 1297 1180 1302 q
1214 1228 1223 1238 ⁴

109 1387 110 1393 ,
211 1334 251 1406 vij
267 1331 391 1391 Junii’d
407 1309 534 1392 loannes
550 1331 692 1391 Henricus
712 1331 742 1390 in
762 1331 824 1390 aede
843 1329 974 1416 Meuritli
994 1335 1080 1406 caput
1105 1335 1146 1390 14
1168 1328 1297 1405 epistolae

117 1437 320 1518 cenomanos,
330 1437 486 1511 explanare
501 1436 598 1508 coepit,
613 1435 711 1508 legens
725 1436 788 1494 baec
802 1437 902 1495 verba:
928 1437 1040 1496 »Porro
1056 1439 1130 1510 eum,
1148 1427 1198 1510 qui
1214 1432 1303 1526 intir-x

119 1548 235 1616 matur,
256 1539 313 1600 fide
329 1543 465 1601 assumite
486 1556 544 1598 non
560 1540 598 1599 ad
614 1539 831 1614 dijudicationes
848 1542 1095 1618 disceptationum.
1134 1541 1217 1599 Alius
1232 1540 1295 1614 qui-

118 1649 184 1706 dem
196 1647 293 1707 credit
313 1639 485 1706 vescendum
504 1661 567 1705 csse
587 1646 776 1719 quibuslibet,
801 1643 873 1704 alius
894 1652 1003 1720 autem,
1026 1647 1076 1718 qui
1097 1643 1226 1704 infirmus
1242 1648 1295 1718 est,

118 1749 268 1812 holeribus
283 1753 417 1810 rescitur.
448 1751 502 1822 Qui
516 1751 640 1809 rescitur
655 1765 713 1808 nen
727 1755 939 1816 vescentemne
954 1750 1106 1836 despiciat,
1129 1755 1159 1808 et
1174 1749 1297 1822 quinon

106 1841 263 1935 'rescitum
286 1861 449 1935 vescentem
463 1871 499 1914 nc
513 1854 631 1927 iudicet.
671 1853 753 1912 Deus
766 1855 840 1912 enim
855 1855 934 1912 illum
958 1855 1131 1928 assumpsit«
1148 1855 1202 1910 etc.
1241 1851 1298 1909 Hic

119 1961 249 2020 ostendit
270 1961 344 2018 banc
366 1959 518 2034 epistolam
538 1958 566 2018 d.
577 1957 704 2042 'Paulum
726 1958 765 2019 ad
779 1960 937 2044 Romanos,
960 1958 1014 2016 hoc
1030 1959 1074 2015 est
1087 1957 1298 2016 Romanensem

123 2066 277 2124 ecclesiam
292 2063 451 2139 scripsisse,
467 2066 579 2138 et'quia
591 2061 655 2138 baec
670 2079 708 2122 ex
720 2064 853 2136 gentibus
869 2067 899 2121 et
908 2061 1017 2124 Judteis
1033 2065 1208 2135 congregata
1223 2064 1296 2134 erat,

120 2177 224 2244 gentes
240 2162 406 2244 euangelica
417 2154 554 2228 libertate
569 2173 681 2238 utentes
697 2168 870 2242 qrribuslibet
884 2167 954 2226 cibis
964 2167 1163 2240 uescebantur,
1179 2165 1229 2238 qui
1243 2163 1294 2224 an·

122 2263 183 2336 tem
200 2292 236 2334 ex
251 2275 401 2337 Judaismc
417 2279 514 2348 erant,
531 2274 712 2348 judaicarum
723 2273 960 2332 caerimoniarum
979 2272 1088 2345 assuefi
1103 2271 1140 2334 ab
1155 2271 1190 2329 iis
1197 2273 1208 2345 ,'
1231 2285 1296 2344 quse

120 2382 233 2454 ins-lege
248 2379 393 2452 prohibita
409 2385 507 2454 erant,
529 2379 712 2438 abstinebant
726 2393 781 2438 nec
796 2371 859 2438 'tan
881 2378 956 2436 illico
977 2370 1104 2440 libertati
1122 2375 1297 2448 evangelica

121 2484 304 2560 subscribere
319 2463 486 2558 potuerunt.
525 2482 598 2542 Orta
618 2483 802 2556 igiturinter
821 2481 874 2540 hos
890 2481 962 2541 duos
976 2481 1098 2556 populos
1114 2473 1297 2564 contentione
1319 2461 1321 2468 ¹

122 2597 152 2650 et
165 2591 261 2650 altero
277 2589 365 2662 alium
377 2581 579 2648 'contemnente
594 2589 641 2647 vel
655 2605 686 2646 sc
700 2589 794 2660 ipsum
808 2587 872 2648 aliis
888 2582 1069 2660 praeferente,
1086 2583 1113 2644 d.
1123 2585 1231 2644 Paulus
1246 2600 1294 2644 cc·

121 2699 205 2754 actus
221 2699 266 2752 est
279 2683 426 2766 singulare
442 2699 527 2766 caput
539 2695 571 2750 in
585 2693 641 2751 bac
655 2692 778 2774 epistola
793 2690 920 2749 dehisce
936 2691 1022 2750 rebus
1037 2690 1226 2767 conscribere,
1244 2689 1295 2750 do·

121 2815 193 2857 cens
208 2798 361 2882 quomodo¹
370 2802 494 2871 utraque
515 2813 585 2870 gens
606 2812 639 2856 sc
652 2798 683 2855 in
701 2797 755 2854 hcc
769 2799 884 2868 gereret
898 2809 933 2853 ac
952 2810 984 2853 se
998 2796 1092 2868 ipsum
1107 2795 1216 2854 Paulus
1231 2810 1297 2854 con-

123 2905 285 2974 ciliatorem
300 2918 334 2961 ac
349 2879 494 2976 demerem
508 2903 539 2959 in
553 2901 648 2961 medic
662 2899 848 2973 interposuit,
871 2899 975 2958 decens
1001 2914 1115 2972 quoque
1135 2903 1192 2976 qino
1212 2905 1298 2972 pecto

122 3007 255 3066 infirmus
278 3007 309 3064 in
332 3004 388 3064 fide
409 3005 614 3064 sustentandus
629 3007 675 3064 sit
690 3009 743 3063 etc.
770 3003 865 3088 3Qucd
886 3008 983 3066 sutem
1005 3003 1100 3060 omnia
1120 3003 1227 3062 munda
1240 3005 1300 3062 sint

122 3113 248 3186 mundis,
266 3111 444 3184 ecclesiastes
460 3127 495 3170 ex
504 3111 599 3188 verbis
609 3109 736 3168 (duristir
745 3108 832 3167 »Non
845 3107 923 3180 quod
937 3107 1071 3165 intrat-in
1085 3122 1117 3164 os
1132 3107 1300 3180 coinquinat

122 3203 290 3278 bominem«
303 3215 508 3290 etqprcbavit.
529 3213 683 3274 Adduceus
694 3201 1009 3302 inbccipsumetalics
1025 3213 1134 3286 aliquot
1142 3214 1298 3286 scriptura·

124 3322 285 3391 rumlccos.
309 3321 355 3380 Itu
366 3303 462 3379 tamen
472 3319 508 3378 de
518 3300 838 3394 suscipiendis'infirmis
848 3317 954 3392 docuit,
971 3335 1007 3377 ne
1018 3316 1153 3378 ,refractis
1165 3323 1195 3376 et
1209 3310 1297 3392 obsti?

124 3428 201 3486 natis
217 3404 479 3500 pebrlentiae'lccus
491 3428 616 3498 pateret.
626 3425 713 3484 item
728 3424 906 3484 conducibile
921 3425 1014 3484 rideri
1029 3425 1138 3502 ajebat,
1154 3431 1185 3484 et
1198 3431 1301 3485 nostre

124 3531 182 3590 boc
197 3547 260 3592 aero
275 3529 397 3588 Paulum
412 3529 539 3602 aliquem
553 3546 702 3605 exurgere,
720 3530 769 3603 qui
789 3531 1013 3590 controversiam
1027 3530 1178 3609 religionis
1190 3545 1230 3588 ea.
1241 3545 1301 3602 qua

125 3634 399 3708 Paulus-probitate
424 3637 615 3707 componeret.
651 3634 733 3692 Deus
754 3637 877 3710 optimus
899 3619 1053 3708 norimus,
1079 3640 1112 3692 ut
1126 3634 1299 3706 quotidiein

125 3739 183 3798 fide
199 3743 229 3817 et
243 3739 375 3812 puritate.
393 3736 461 3796 fidei
475 3739 651 3802 robustiores
670 3735 738 3798 iacti
758 3738 895 3798 infirmos.
906 3754 1019 3810 qunque
1035 3737 1229 3811 suscipiamus,
1246 3735 1303 3796 d0·'

126 3849 187 3916 net,
203 3858 238 3901 ac
261 3848 294 3901 ut
308 3843 380 3900 nulli
390 3839 515 3902 alienius
538 3843 666 3922 scandali
685 3860 757 3902 ansa
776 3843 831 3902 sed·
847 3843 1009 3916 exemplum
1029 3842 1059 3901 in
1082 3834 1299 3900 aedificationem

126 3950 227 4006 simus.-
263 3927 432 4022 ldqneper‘
447 3949 547 4009 Jesuu
567 3946 712 4005 Christum
728 3948 872 4006 dominum
887 3951 1029 4021 nostrum,
1055 3947 1103 4020 qui
1118 3927 1298 4006 eumecdem
1338 3981 1345 3988 -‹

127 4058 212 4126 patre
228 4056 257 4111 et
272 4058 372 4122 sancto
388 4055 491 4127 spiritu
505 4053 676 4112 benedictus·
686 4054 716 4112 in
731 4053 838 4134 secula:
930 4081 933 4086 ¹
991 4071 994 4076 ·

216 4137 345 4218 J'oannes
359 4157 490 4222 merebic'
501 4173 556 4217 nec
569 4162 770 4232 tegumentum·
777 4156 856 4230 illud,
872 4155 951 4228 quod
965 4155 1051 4228 uulgo
1066 4151 1170 4214 coelum
1185 4135 1298 4228 vocant,

127 4267 158 4324 in
179 4263 377 4337 die-corperis
400 4263 505 4323 Obristi
521 4269 662 4338 egestare,
686 4259 743 4321 'nec
764 4259 884 4320 Interim
911 4261 954 4318 illi
974 4259 1153 4330 subscribere
1174 4260 1299 4318 voluisse

128 4371 242 4435 dieitur.
400 4379 403 4388 ⁴
813 4438 817 4444 p
962 4423 964 4428 Α

218 4476 274 4548 Da,
291 4471 413 4554 domine,
429 4473 510 4546 qued
519 4472 561 4548 fit,
577 4479 610 4532 ut
621 4470 705 4546 jutta
719 4471 895 4533 voluntatem
914 4474 992 4530 tuam
1007 4467 1070 4527 fiat.

174 4599 291 4644 Waldeck.
990 4605 991 4610 ¹
1046 4576 1086 4634 10
