3054 5110
774 429 818 494 56

297 600 414 676 Eodem
423 617 457 690 is,
481 615 530 689 qui
545 617 612 674 aute
627 607 734 689 peneus
749 611 810 674 dies
825 627 887 672 eum
903 613 1037 674 sodalitio
1053 620 1282 683 concameratum
1296 603 1383 678 Mun·

210 723 270 782 ritii
283 701 426 782 Electoris
437 721 565 794 injussus
580 723 735 792 reserarat,
758 715 840 778 inrue
857 735 1012 794 suspensus
1032 727 1084 796 est,
1108 737 1201 796 quem,
1226 722 1294 796 quie
1307 722 1383 783 Bur·

210 823 318 904 prndio
337 831 415 900 eret,
439 823 624 886 dominusne
640 822 821 883 Grandevela
835 829 886 884 out
906 841 965 884 nou
985 827 1081 899 puniri
1102 832 1154 886 eut
1171 824 1241 902 iuga
1256 827 1385 902 elapsum

210 932 361 1006 voluisset,
389 930 441 990 sed
461 929 617 990 Mauritius
640 929 747 988 elector
767 929 886 1004 institit,
909 934 943 988 ut
963 930 1026 990 loeo
1048 931 1162 1004 puhlieo
1183 936 1250 992 unte
1276 933 1386 992 curiam

211 1041 376 1104 senatorum
398 1035 536 1110 Auguste
557 1034 789 1109 suspenderetur.
826 1032 883 1106 Qui
910 1034 964 1094 sub
985 1035 1154 1108 supplicium
1179 1037 1304 1110 psulmos
1331 1039 1384 1098 ali·

211 1146 282 1216 quot
302 1125 408 1214 oravit,
431 1139 495 1200 Deo
518 1140 642 1199 enimam
662 1138 751 1198 latine
772 1153 912 1212 perorans
934 1140 1154 1215 commendavit,
1186 1141 1235 1216 qui
1258 1156 1323 1201 eum
1347 1141 1385 1202 oh

211 1243 263 1304 filii
277 1245 322 1305 sui
336 1251 469 1319 mortem,
493 1249 526 1304 ut
541 1261 702 1319 speramur,
726 1244 858 1316 suscepit.

300 1349 405 1410 Frater
426 1353 524 1408 noster
543 1349 691 1424 Philippus
713 1355 743 1408 et
761 1348 949 1409 Wendelinns
969 1349 1116 1412 doctorem
1138 1349 1272 1412 Gerulum
1293 1337 1387 1412 Harst

211 1455 310 1516 adiere
325 1461 355 1514 et
369 1452 446 1529 apud
460 1452 680 1518 Atrebateusem
694 1453 931 1514 sollicitaverunt.

301 1555 412 1620 Eodem
434 1556 526 1617 irater
548 1563 648 1618 noster
668 1557 795 1618 Jounnes
816 1557 900 1619 uobis
926 1565 1047 1620 mortem
1067 1559 1185 1621 infantis
1209 1558 1336 1620 Gotthilf
1355 1563 1386 1620 in

212 1663 363 1724 Marxsnlu
377 1662 522 1736 iudicavit,
546 1664 593 1722 eni
607 1663 695 1722 dubio
710 1663 820 1738 procul,
840 1665 925 1738 iuxta
938 1679 1051 1740 nomeu,
1071 1666 1153 1740 ,quod
1171 1667 1250 1740 prius
1266 1667 1385 1726 sortitus

213 1773 270 1843 est,
294 1768 375 1830 Dens
390 1773 530 1842 perpetuo
545 1767 691 1841 arhutorio
707 1767 771 1826 erit.
917 1755 919 1760 ’

300 1873 445 1933 Martinus
459 1871 587 1932 Bue'erus
602 1875 704 1931 eontra
718 1871 932 1932 vintoniensem
947 1873 1136 1947 antiquissimi
1150 1855 1320 1934 Ebrsoorum
1335 1891 1385 1936 eos
1406 1954 1410 1959 ι

213 1981 263 2054 qni
277 1977 356 2038 ultra
369 1977 502 2038 idoneum
517 1977 690 2037 matrimonii
706 1981 820 2036 aetatem
839 1977 955 2038 coelibes
975 1985 1100 2052 manent,
1124 1979 1209 2052 idque
1224 1995 1284 2039 nou
1298 1995 1387 2040 ceusu

211 2071 340 2144 diseendi
352 2083 445 2158 legem
453 2081 511 2142 Dei
524 2083 715 2156 pronunciant
730 2081 868 2142 obnoxios
883 2099 945 2142 esse
960 2083 1085 2142 oriminis
1098 2080 1155 2141 iusi
1170 2072 1318 2158 sanguinis
1332 2087 1384 2144 im-

212 2189 386 2261 miuntseque
405 2187 505 2261 gloriae
525 2191 554 2245 et
573 2187 700 2271 majestis
714 2185 771 2244 Dei
784 2184 816 2245 iu'
830 2189 937 2262 populo
955 2189 1047 2248 Israel
1062 2193 1091 2248 et
1105 2187 1237 2262 indiguos
1252 2191 1385 2264 proinde,

213 2293 263 2366 qui
277 2292 308 2350 iu
322 2291 429 2364 populo
443 2290 499 2350 Dei
513 2291 681 2350 tolerentur.
712 2291 798 2370 ¹Tanti
811 2289 941 2352 ieeerunt
955 2290 1079 2352 offitium
1092 2292 1265 2368 procreandi
1278 2294 1386 2354 liberos

212 2397 243 2455 iu
256 2395 363 2471 populo
376 2395 444 2454 'Dei
476 2392 547 2453 Cum
566 2393 612 2453 his
633 2397 844 2457 eonsentientes
863 2398 1007 2471 sepientes
1027 2396 1193 2458 Graecorum
1212 2395 1387 2462 censuerunt

117 2542 120 2550 ,
212 2515 332 2574 eosque,
356 2499 406 2572 qui
432 2513 524 2571 usque
551 2497 590 2558 ad
611 2515 718 2559 annum
737 2503 912 2562 tricesimum
932 2501 1066 2578 quartum
1084 2504 1201 2564 emlihes
1223 2510 1333 2579 esseut,
1357 2511 1387 2566 ei

212 2605 404 2664 multarentur
415 2601 539 2690 pecunia
553 2607 583 2676 et
597 2599 780 2664 efficerentur
795 2608 960 2682 ignominia,
973 2611 1003 2666 et
1017 2608 1184 2667 nominatim
1198 2595 1243 2682 ea,
1255 2612 1289 2667 nt
1300 2625 1385 2669 nemu

213 2707 269 2769 illis
284 2723 349 2768 eum
363 2707 503 2768 honorem
518 2707 675 2784 exhiberet,
700 2711 750 2785 qni
764 2713 838 2772 solet
857 2729 875 2772 a
893 2712 1050 2772 minoribns
1071 2711 1200 2772 exhiheri
1213 2712 1384 2774 senioribus.

302 2811 382 2872 Alere
402 2813 464 2872 ludi
482 2811 593 2874 fruetus
611 2813 678 2874 hino
698 2820 828 2890 apparet,
852 2817 931 2896 quod
948 2818 1153 2878 nudiustertius
1174 2818 1205 2876 in
1219 2817 1286 2878 unla
1299 2818 1384 2879 Meu·

212 2918 272 2978 uitii
287 2905 359 2994 puer
374 2920 483 2980 eniens
493 2919 711 2980 adolescentem
725 2921 849 2981 nobilem
863 2937 927 2982 oum
942 2923 1004 2996 ipso
1020 2921 1084 2982 oles
1097 2916 1264 2997 ornnem,
1278 2923 1387 2983 nullam

214 3024 251 3086 oh
264 3041 395 3102 ¹eausam,
419 3036 505 3099 quam
526 3023 602 3100 qnod
623 3024 718 3085 verbis
739 3025 776 3086 ab
797 3043 830 3087 eo
853 3027 1054 3102 corrigeretur,
1077 3027 1128 3087 ilia
1148 3025 1311 3103 transfodit,
1336 3029 1386 3103 qui

214 3135 244 3190 et
257 3130 320 3191 heri
334 3135 422 3189 terre
436 3128 501 3189 iidae
516 3131 600 3190 metri
615 3129 778 3190 reconditus
794 3137 846 3190 est.

302 3233 606 3295 Fuuiizehenhnudert
619 3234 868 3319 Berehetmaeher,
892 3237 939 3297 die
960 3253 1012 3298 vor
1026 3237 1147 3298 Meister
1167 3239 1300 3313 geaehtet
1313 3255 1384 3298 wer-

214 3340 301 3413 deun,
325 3340 403 3398 ohnu
423 3357 481 3400 wes
501 3341 543 3398 sie
561 3337 609 3398 fur
629 3340 752 3400 knechte
771 3321 895 3416 hahenn,
919 3343 994 3401 seint
1012 3359 1054 3402 nu
1068 3342 1222 3418 Angspurg
1237 3341 1385 3402 wonuhui·

214 3445 265 3520 tip.
300 3423 343 3504 Et
359 3443 390 3501 hi
410 3449 477 3502 sunt
495 3437 637 3518 textores,
662 3447 711 3518 qui
731 3444 886 3506 christiana
905 3451 1018 3508 utentes
1037 3447 1171 3508 libertate
1191 3455 1291 3508 eontra
1309 3463 1384 3523 pree-

215 3531 351 3624 seriptnm
365 3549 453 3608 Moisi
467 3549 555 3607 telam
570 3553 598 3608 et
612 3554 706 3609 vestes
721 3565 758 3609 ex
771 3550 840 3610 loun
854 3556 883 3610 et
897 3553 956 3612 lino
972 3549 1112 3612 conficere
1127 3553 1298 3613 didicerunt.
1353 3533 1354 3536 ¹
1369 3565 1372 3572 ·

287 3653 414 3713 ‘Eadem
434 3650 526 3712 moles
547 3653 671 3729 aliquot,
700 3642 730 3712 iu
752 3656 854 3730 quibus
875 3645 1015 3731 papyrus,
1040 3673 1104 3732 qnae
1128 3659 1235 3732 regalis
1256 3664 1385 3734 vocatur,

216 3775 251 3820 ex
265 3758 400 3820 crustatis
415 3763 445 3817 et
458 3757 550 3832 peplis
571 3759 654 3818 lineis
677 3757 842 3834 conficitur,
865 3761 986 3820 vidimus
1005 3757 1016 3796 ¹
1038 3768 1068 3822 et
1081 3779 1155 3822 uuus
1167 3747 1243 3840 liber
1258 3765 1320 3837 ejus
1334 3781 1385 3840 pe-
1423 3743 1426 3747 ’

215 3866 278 3938 pyri
301 3863 400 3923 lienem
416 3863 574 3938 'crucigeris
596 3862 693 3924 veniri.
728 3865 859 3925 Vidimus
879 3871 909 3924 et
926 3866 1029 3944 hortos
1046 3858 1200 3926 latissimos
1221 3884 1283 3928 eum
1305 3886 1385 3928 mau-

215 3968 353 4029 siuneulis
374 3966 485 4041 aliquot
506 3973 535 4028 et
555 3983 672 4044 scopum
692 3971 756 4030 nou'
769 3987 867 4045 uuum,
890 3971 920 4029 iu
941 3972 1043 4045 quibus
1061 3973 1192 4047 Hispani·
1204 3989 1258 4033 nee
1276 3989 1335 4034 uon
1357 3981 1388 4034 et

215 4072 290 4132 eires
312 4070 392 4133 urbis
414 4071 553 4148 Augustae
576 4072 701 4150 balistis,
733 4091 803 4135 eron
826 4076 871 4152 (ut
891 4073 1008 4150 vocant)
1031 4078 1158 4152 unghoo,
1182 4079 1335 4154 catapultis
1357 4087 1389 4140 et

216 4177 355 4251 quidquid
373 4177 415 4236 ito
434 4183 479 4236 est
491 4179 751 4246 ,instrumentorum
770 4181 807 4240 ed
824 4179 999 4256 torquendas
1019 4183 1139 4256 sagittas
1159 4187 1189 4259 et
1209 4182 1326 4256 glandes
1342 4184 1386 4244 iu·

216 4287 346 4356 ventum,
369 4297 401 4342 se
415 4283 581 4344 exercitant.

793 4415 809 4450 ᾖ

291 4503 302 4548 1
323 4497 437 4553 vidimus
456 4496 521 4548 fehlt
539 4497 567 4547 in
585 4497 631 4550 der
649 4499 689 4550 hs.
