3054 5110
797 407 840 474 10

229 606 297 654 euro
313 595 342 653 et
356 591 560 668 sauguisnibil
580 595 687 668 preter
705 591 854 667 pulverem
874 605 957 653 suum
977 591 1082 669 sapiet,
1100 596 1145 666 te,
1167 588 1282 652 domins
1302 599 1402 654 nnete
1503 600 1504 660 l

230 701 322 774 pater,
345 698 499 759 humillime
519 697 706 774 deprecamur
725 699 878 774 ingruente
893 713 968 758 nuno
981 696 1161 772 necessitate,
1186 695 1225 758 da
1245 695 1328 757 nobis
1347 698 1401 760 tibi

229 801 320 863 fidere
339 808 427 878 atque
446 809 480 864 ut
495 805 580 878 juxta
599 807 680 863 tuum
699 804 900 879 praescriptum
919 805 951 864 in
969 803 1082 864 silentio
1103 807 1133 862 et
1151 817 1211 880 spo
1222 803 1334 863 ammas
1351 820 1402 864 no·
1503 805 1504 808 ’

230 913 305 970 stras
319 907 523 985 possideamus,
533 924 587 985 per
600 908 700 969 lesum
715 895 859 969 Christum
875 908 1174 980 dominumnostrum,
1191 907 1329 982 qumvis
1344 915 1401 970 ete.
1503 921 1504 934 ¹

318 1015 369 1090 xiij
396 1013 504 1090 Aprilis
528 1031 547 1074 a
572 1014 779 1090 weissenburg
800 1013 1010 1076 Denowerdam
1030 1011 1152 1088 profecti
1175 1027 1281 1072 tumus·
1322 1014 1403 1075 Inibi
1470 1074 1474 1078 -

230 1119 485 1196 Weissenburgum
505 1123 536 1180 et
554 1118 691 1180 Werdam
711 1119 749 1179 ad
762 1118 925 1180 Danubium
944 1102 988 1178 est
1003 1117 1149 1178 Msnheim
1164 1117 1310 1194 oppidum,
1335 1120 1403 1181 olim

230 1225 311 1286 dunis
330 1225 443 1286 Ottonis
462 1225 582 1285 Henriei
599 1223 726 1310 Relatini
745 1225 862 1300 Bauari,
886 1240 943 1299 quo
964 1239 1028 1283 eum
1047 1221 1168 1285 Carolus
1188 1221 1286 1285 eesur
1305 1226 1344 1286 ob
1358 1241 1404 1286 us·
1504 1269 1505 1274 η

229 1335 339 1390 sertum
357 1330 536 1408 evangelium
556 1345 619 1390 oum
641 1329 753 1404 reliqua
773 1329 882 1390 ditione
903 1330 984 1390 enrit
1001 1344 1079 1389 anno
1104 1329 1199 1390 1547.
1236 1329 1291 1391 Est
1310 1336 1340 1392 et
1354 1331 1404 1394 ab·
1504 1351 1505 1362 ¹

230 1437 310 1498 batia
324 1436 455 1496 Reitzeu.

230 1652 260 1708 et
280 1646 403 1706 altemm
421 1661 527 1722 pagum
546 1642 709 1705 Niderboeh
727 1642 859 1704 fluviolus
879 1645 986 1706 Ursule
1004 1649 1058 1705 est.
1093 1645 1128 1704 In
1147 1647 1201 1706 hoe
1215 1643 1312 1722 fluuio,
1329 1646 1406 1706 dum

230 1753 347 1827 aquado
361 1749 403 1827 fit,
427 1750 585 1813 usbalulus
600 1765 680 1812 meus
694 1751 726 1810 in
740 1747 858 1810 fluvium
878 1749 1037 1811 subsidens.
1051 1750 1131 1826 'Ege
1151 1752 1256 1826 itaque-
1268 1767 1336 1812 mox
1354 1749 1405 1812 de·

230 1859 327 1919 cidens
342 1857 381 1919 ad
394 1857 497 1919 lavam
510 1857 541 1915 in
560 1855 754 1932 peristrophio
764 1856 866 1916 ¹ultera
884 1856 957 1916 tibia
975 1855 1103 1931 pendens
1118 1861 1147 1916 et
1165 1856 1341 1917 amballnio
1354 1857 1406 1916 las·

230 1981 279 2026 sus
300 1971 331 2026 et
349 1979 426 2038 aqua
445 1960 609 2023 submersus
629 1959 756 2036 trusam,
779 1961 884 2022 ni'Dei
904 1961 1033 2022 bonitate
1053 1967 1083 2022 et
1104 1977 1194 2037 opera
1208 1961 1348 2023 Ludovioi
1361 1960 1405 2023 fa-

230 2070 301 2132 muli
323 2071 394 2144 mei,
427 2068 565 2129 Samuelis
590 2082 703 2142 quoque
726 2069 781 2126 mei
803 2068 916 2142 nepotis
939 2071 968 2126 et
989 2063 1112 2126 fratrum
1132 2067 1240 2128 auxilio
1261 2068 1293 2127 in
1315 2067 1406 2143 pedes

230 2177 378 2250 ooujeetus
398 2179 428 2234 et
450 2173 569 2234 eductus
590 2167 716 2234 fuissem.
753 2171 926 2234 Benedictus
947 2170 1078 2232 domiuus
1097 2172 1187 2248 Deus,
1210 2175 1335 2248 quinos
1357 2189 1407 2234 ex·

230 2281 320 2342 traxit
334 2296 372 2340 ex
386 2282 469 2354 aquis
483 2279 589 2339 multis.

319 1541 374 1600 Est
393 1545 423 1600 et
436 1541 512 1600 inter
526 1538 672 1600 Manheim
691 1544 721 1604 et
736 1539 941 1614 weissenburg
960 1555 1053 1616 pagus
1073 1538 1204 1615 Oelberg,
1227 1541 1304 1600 inter
1318 1555 1406 1616 quem
1471 1561 1475 1571 ‘

308 2383 490 2446 -nonwersoe
504 2384 583 2460 apuu
597 2382 781 2444 Leontinum
796 2382 1056 2448 wiorenmarua
1074 2387 1105 2445 n
1124 2385 1230 2460 insign
1248 2385 1341 2446 noun
1356 2383 1407 2446 ue·
1506 2365 1507 2410 ³

230 2491 334 2567 aurati,
358 2491 389 2550 in
408 2505 442 2550 ee
463 2489 598 2566 hospitio,
622 2506 680 2564 que
703 2488 852 2550 Caeterum
874 2489 1007 2567 princeps
1029 2497 1060 2552 et
1079 2491 1210 2553 domiuus
1230 2495 1330 2552 noster
1348 2489 1406 2552 ole-

229 2597 422 2658 mentissimus
442 2596 614 2671 captivitreis
634 2611 693 2655 suae
712 2594 908 2657 'hebdomadas
929 2597 1028 2657 decem
1049 2603 1079 2656 et
1095 2612 1198 2658 novem
1211 2599 1405 2671 transegerat,

216 2696 367 2778 'hospitati
386 2717 492 2762 sumus.
528 2701 562 2760 In
582 2700 684 2760 eedem
703 2700 828 2775 hospitio
850 2701 983 2777 princeps
1003 2689 1197 2778 insumpserat
1210 2701 1268 2762 due
1282 2701 1361 2762 milis
1376 2705 1407 2762 et

229 2813 360 2869 uersuta
373 2804 558 2868 florenorum.
594 2804 718 2865 Domina
736 2807 870 2881 pmnoeps
889 2813 989 2868 nestra
1009 2805 1087 2883 apud
1109 2805 1230 2868 eundem
1249 2806 1404 2886 hospitem,

230 2915 298 2976 dum
312 2913 473 2989 Augustam
493 2910 635 2988 tenderet,
658 2911 720 2972 dies
739 2911 838 2973 decem
860 2919 890 2974 et
904 2919 1028 2988 quatuor
1042 2916 1154 2974 morata
1168 2919 1223 2973 est.
1253 2913 1289 2973 In
1303 2913 1405 2976 oedem
1468 2947 1470 2951 v

229 3019 355 3096 bospitio
370 3018 553 3081 veredarium
567 3018 701 3080 nuncium
716 3018 796 3079 ducis
811 3019 941 3080 Mauritii
956 3019 1098 3080 Eleutetis
1113 3018 1280 3079 invenimus.

316 3125 427 3187 Eadem
447 3127 584 3200 magister
603 3125 718 3200 Florus,
742 3137 827 3198 quem
846 3125 1006 3201 Augustam
1024 3126 1263 3200 praemiseramus,
1288 3123 1406 3186 weron

229 3232 268 3294 ad
281 3230 445 3292 Danubium
465 3230 674 3292 nobis-obviam
693 3228 734 3304 fit,
757 3231 898 3305 indicans,
923 3231 972 3304 qui
987 3246 1019 3290 se
1039 3245 1087 3289 res
1101 3227 1240 3303 Augusta
1253 3228 1404 3290 haberent.

319 3337 436 3398 Werdee
457 3338 488 3399 in
506 3335 692 3395 hibemaeulo
713 3340 742 3394 et
760 3336 860 3410 cubili,
884 3337 934 3397 ubi
955 3336 1090 3410 prinoeps
1108 3339 1207 3396 noster
1227 3335 1406 3397 mansionem

230 3458 311 3503 susm
325 3442 479 3516 habuerat,
503 3439 751 3516 pemeetabnnms.
868 3505 873 3515 ,

213 3556 217 3564 ’
318 3547 457 3623 Augustae
472 3562 530 3606 una
544 3561 608 3604 eum
624 3543 793 3605 coloniense
807 3546 838 3604 in
852 3561 905 3606 nos
920 3545 1046 3621 querelis
1065 3549 1095 3606 et
1113 3544 1186 3606 dolis
1202 3545 1306 3605 unni
1320 3549 1406 3608 erant

229 3653 415 3728 Mainolphus
437 3652 481 3712 bis
503 3649 642 3742 profugus
664 3649 842 3711 Fleohtorffii
865 3651 969 3726 abbas,
992 3651 1124 3712 eonsules
1146 3649 1404 3727 Velekmarieuses,

230 3759 354 3820 barones
369 3757 405 3819 de
419 3758 549 3832 Beuren,
572 3757 818 3818 Breidelsrienses
832 3758 979 3833 monaehi,
1002 3756 1152 3832 Batbergii
1169 3761 1225 3816 eto.

317 3862 469 3924 AWerda
483 3863 670 3938 Neoburgum
689 3879 742 3923 arx
763 3863 873 3924 ducalis
895 3867 925 3923 et
939 3863 1075 3939 oppidum
1089 3861 1321 3938 amoenissimum,
1345 3880 1405 3938 quo

230 3971 342 4046 etipse
367 3967 464 4029 Caesar
487 3967 640 4029 Otthonem
661 3969 819 4029 Henrieum
840 3969 934 4042 exuit,
959 3969 1048 4054 distat
1068 3968 1193 4030 miliaria
1213 3967 1280 4028 tria
1317 3967 1404 4030 Etis

229 4077 309 4138 loeus
325 4081 369 4136 est
384 4074 440 4136 divi
457 4074 583 4136 loannis¹
592 4074 687 4135 Diazii
702 4075 825 4150 Hispani
839 4075 983 4148 martyrio
994 4090 1085 4135 ssoer.
1195 4100 1204 4112 ν

318 4183 353 4242 Iu
366 4182 421 4242 hoe
436 4179 571 4257 oppidulo
585 4179 752 4241 habitarunt
765 4179 870 4242 dames
884 4173 1008 4240 Arnoldi
1023 4178 1171 4239 secretarii
1192 4178 1297 4240 durum
1310 4176 1404 4240 Baua·

121 4296 130 4308 '
229 4269 291 4350 rias.
322 4287 434 4347 Horum
449 4286 526 4346 sedes
541 4285 638 4346 (laesor
652 4285 781 4350 funditus
795 4287 858 4347 loce
874 4283 1004 4346 demoliri
1024 4289 1054 4344 et
1073 4301 1219 4359 nunquam
1233 4282 1404 4346 reaedificari

230 4391 447 4472 perhorridum
463 4391 560 4451 edixit.
590 4476 595 4485 ,
778 4443 783 4448 .
1282 4467 1285 4474 Ι

184 4543 192 4552 -
252 4490 255 4496 '
320 4496 456 4562 Relatum
469 4497 550 4559 uobis
566 4501 611 4558 est
624 4495 730 4558 ibidem
744 4495 781 4556 de
794 4496 889 4558 duello
901 4497 1020 4572 paruuli
1028 4493 1146 4570 Georgii
1153 4499 1183 4556 et
1190 4494 1357 4558 Melehioris
1364 4496 1403 4558 N.
