3020 5112
462 1242 552 1313 enm
574 1243 718 1313 wotene
741 1244 787 1314 ιι
809 1219 924 1314 eumz.
1063 1312 1067 1318 .

191 1416 234 1507 In
248 1447 367 1521 antone
382 1446 494 1508 dierum
515 1449 546 1508 in
561 1447 676 1512 Christo
697 1450 828 1518 solumm-
838 1455 868 1512 ιι
885 1451 1078 1527 impletionem
1098 1456 1131 1514 ot
1146 1458 1176 1514 et
1190 1455 1215 1514 si
1229 1469 1274 1516 se·

94 1553 220 1612 ruerint
232 1559 329 1613 tannen
343 1554 467 1630 plantati
481 1555 511 1636 in
526 1553 610 1616 demo
626 1557 733 1617 domini
747 1559 857 1632 aegites
871 1563 1069 1632 permaneam.

189 1659 281 1720 Juxta
290 1659 603 1735 eiusquemutnomine
615 1663 656 1722 sio
666 1679 720 1725 nee
730 1655 825 1724 nonet
834 1679 867 1724 re
878 1661 971 1724 refers
980 1670 1010 1726 te
1022 1665 1166 1738 alloquor,
1177 1664 1274 1724 senior

94 1763 191 1824 eleete
208 1764 321 1826 domine
343 1772 373 1827 et
396 1749 591 1828 ammtissime
606 1767 723 1844 Bromi,
748 1768 876 1843 quemvis
898 1771 1026 1830 eoelesiae
1046 1769 1133 1832 rebus
1148 1784 1201 1829 nee
1215 1784 1274 1830 non

93 1871 223 1943 publicis
247 1887 282 1932 ao
301 1872 464 1934 domesticis
485 1874 514 1934 d.
535 1878 557 1932 t.
573 1873 707 1940 obrutum
729 1875 817 1934 seiam
836 1878 933 1937 tamen
955 1871 1079 1934 oonfisns
1093 1872 1130 1934 de
1143 1871 1273 1934 ιιιιιιι1

93 1974 268 2046 ιιιιιιιοιιιι
286 1977 359 2038 inita
379 1984 409 2040 et
424 1978 598 2054 Stutgardiae
622 1985 762 2040 renovate
776 1979 881 2052 amonis
902 1995 972 2054 ergo
987 1979 1056 2038 mihi
1069 1979 1200 2039 inhibere
1214 1994 1273 2040 non

94 2084 181 2155 potui
196 2082 243 2142 his
257 2085 358 2159 paneis
374 2083 402 2148 d.
418 2087 439 2143 ι.
455 2083 649 2158 interpellare.
686 2085 727 2144 Et
740 2087 863 2172 primum
886 2086 969 2164 quasi
983 2088 1049 2158 post
1063 2099 1192 2144 somnum
1208 2082 1271 2144 dul·

93 2187 243 2248 tissimum
257 2191 384 2264 quietem
398 2205 495 2249 rerum
504 2187 541 2267 (si
555 2191 699 2251 veteribus
709 2193 806 2266 ¹poetis
820 2189 892 2252 fides
907 2206 973 2251 esse
987 2186 1086 2265 debet)
1102 2191 1133 2248 in
1146 2193 1272 2250 mentem

94 2291 260 2367 aliquando
271 2293 299 2354 ι.
316 2299 337 2354 ι.
352 2295 452 2355 ventre
467 2273 603 2370 aserere,
620 2297 697 2370 quoe
711 2297 778 2356 enm
790 2297 957 2358 messene
973 2295 1040 2357 num
1055 2295 1111 2370 pre
1126 2293 1271 2354 memorie

94 2397 181 2458 divus
197 2399 216 2458 J
217 2415 324 2460 oannes
336 2399 453 2460 Diezius
461 2399 563 2460 Iberus
572 2400 678 2462 Christi
692 2419 759 2463 mox
772 2407 883 2477 martyr
890 2401 1040 2478 Neuburgi
1053 2399 1093 2462 ad
1106 2397 1272 2462 Danubium

94 2499 192 2566 iaetus
206 2521 251 2564 me
267 2505 355 2566 semel
378 2511 466 2580 atque
486 2509 590 2567 iterum
610 2507 725 2570 chartas
745 2510 903 2570 illinentem
922 2509 1072 2568 inveniens
1091 2523 1144 2582 pro
1160 2522 1211 2566 suo
1227 2503 1272 2582 (ut

94 2608 188 2686 nosti)
204 2627 283 2672 mone
299 2613 372 2672 seire
387 2613 506 2688 cupiens
522 2613 657 2688 quidnam
679 2615 714 2673 iis
729 2615 829 2675 neniis
845 2631 982 2688 conarer,
1005 2614 1061 2690 ipsi
1082 2630 1127 2672 me
1147 2614 1270 2672 interro·

93 2719 188 2792 genti,
203 2718 354 2794 respondi,
375 2737 421 2780 me
435 2719 555 2794 singulis
571 2718 671 2778 diebus
686 2736 773 2780 unam
791 2721 838 2780 vel
857 2721 961 2781 duoere
975 2720 1080 2778 lineam
1094 2717 1181 2789 velle,
1201 2715 1271 2790 quid

94 2799 195 2884 rerum
209 2823 268 2882 illie
282 2828 419 2898 ageretur
434 2822 512 2898 quod
528 2822 593 2882 curri
614 2823 677 2884 viro
691 2823 740 2883 illo
756 2829 854 2884 saneto
876 2821 921 2901 (ut
934 2811 965 2883 ni
978 2823 1063 2884 fallor
1078 2820 1270 2883 eandidissimi

94 2934 162 2988 erat
176 2926 297 3004 ingenii)
313 2929 420 2988 homini
434 2930 538 2988 mirum
553 2931 584 3018 in
597 2928 713 2989 mudum
728 2928 809 2988 cordi
823 2927 886 2990 init.
918 2930 967 2990 Sio
980 2931 1078 3002 itaque
1094 2928 1181 2989 abeo
1195 2933 1276 2986 tama

94 3048 168 3107 pore
183 3033 215 3093 id
229 3049 283 3109 per
304 3035 432 3109 singulos
451 3034 513 3095 dies
528 3034 598 3094 mihi
618 3039 647 3096 et
667 3037 692 3094 si
706 3051 765 3096 neu
778 3035 886 3111 Musis,
909 3051 1031 3110 quarum
1051 3033 1122 3092 mihi
1136 3016 1267 3108 prefecto

94 3141 176 3202 nulla
185 3143 230 3200 est
240 3141 342 3216 gloria,
356 3141 407 3202 sed
416 3146 512 3202 tamen
522 3139 698 3202 renitationi
706 3142 852 3202 memorie
860 3141 979 3202 tentavi.
996 3140 1099 3213 Sitque
1113 3135 1208 3197 forulo
1218 3135 1269 3196 nbi

93 3224 215 3306 libuerit
224 3246 251 3307 d.
265 3253 286 3308 t.
298 3246 430 3307 libandas
445 3248 522 3320 ipsas
531 3264 608 3308 meas
623 3249 731 3308 naenias
746 3244 1125 3324 annotelapsoStudgerdiae
1140 3257 1268 3318 praesens

94 3357 128 3412 nt
140 3353 221 3428 patri
236 3357 266 3412 et
279 3353 370 3413 amieo
385 3350 502 3419 traffii.
540 3353 580 3412 Et
602 3369 678 3413 nuno
692 3357 785 3412 macte
799 3352 923 3414 candore
939 3351 1126 3425 doctrinaque
1141 3349 1267 3410 Joannes

94 3458 166 3518 mihi
184 3459 215 3518 in
236 3463 360 3518 mentem
380 3458 475 3533 venit,
496 3458 631 3533 promissi
650 3459 686 3519 de
707 3457 878 3532 dogustans
898 3474 964 3518 mee
977 3455 1171 3532 proiectione,
1195 3467 1267 3528 quas

93 3562 293 3626 miscellaneae
309 3557 322 3597 ²
338 3579 396 3622 non
412 3563 498 3622 etiam
513 3563 697 3638 morionibus,
714 3565 803 3624 etiam·
815 3581 867 3624 sua
882 3569 949 3623 sunt
963 3562 1078 3623 nomina
1092 3558 1183 3619 eidem
1198 3558 1227 3618 d
1243 3561 1265 3616 t.

94 3667 263 3728 charissimo
283 3669 360 3742 patri
379 3673 408 3728 et
423 3668 513 3727 amieo
537 3685 597 3744 pro.
610 3667 678 3730 fidei
696 3673 755 3728 tuae
778 3669 949 3730 dexterItete
967 3665 1132 3727 transmitto
1156 3663 1267 3734 utinam

95 3781 192 3834 eutem
206 3780 368 3850 superesset
383 3778 458 3834 aetas
477 3774 615 3834 memorie
635 3780 665 3834 et
679 3774 772 3843 ocium
791 3773 921 3833 leotionis
935 3772 1004 3831 mihi
1019 3769 1186 3842 contingere
1201 3781 1267 3841 pos·

95 3884 150 3953 set,
167 3884 200 3939 ut
214 3877 249 3938 de
264 3879 341 3938 omni
356 3879 415 3940 vite
429 3859 598 3956 operatione
613 3883 735 3952 noeque
750 3875 867 3937 fertum
881 3876 910 3936 d.
925 3881 948 3936 ι.
964 3874 1091 3960 ejusdem
1105 3873 1267 3948 argumenti

94 3984 240 4045 volumina
257 3989 309 4045 tua
328 3999 416 4044 manu
430 3983 574 4058 descripta
597 3984 662 4061 (sed
677 3982 732 4044 deo
751 3983 853 4058 gratiae
872 3980 978 4042 bonum
993 3985 1023 4040 et
1041 3984 1140 4040 notum
1162 3993 1267 4072 nomen

94 4093 176 4148 tuum
191 4095 236 4150 est
250 4103 346 4148 eorem
361 4085 505 4165 ecelesiaz)
517 4088 708 4166 obtingerent
720 4088 836 4149 viderer
844 4087 915 4166 mihi
926 4087 990 4162 plus
1004 4083 1134 4145 thesauri
1148 4083 1265 4157 inmul·

94 4202 191 4257 torum
205 4195 292 4256 etism
306 4191 419 4268 piorum
438 4193 570 4255 maxime
584 4193 809 4257 adolescentium
824 4196 1074 4269 consequuturnm,
1096 4205 1183 4266 qnam
1197 4188 1266 4250 olim

670 4327 687 4368 ιι

169 4433 182 4480 1
203 4427 236 4481 de
253 4433 343 4481 nostre
361 4427 498 4504 amioitia‘?
525 4426 588 4480 oder
613 4434 693 4482 etwas
720 4427 766 4481 der
783 4433 830 4482 art.
888 4433 903 4480 ι
932 4429 966 4481 So
984 4425 1031 4480 hot
1049 4423 1158 4480 Wolrad
1176 4424 1265 4491 sigen·

95 4515 197 4587 biudis
215 4517 359 4586 oomigiert.
395 4517 434 4570 ιιι
451 4531 520 4570 war:
543 4515 750 4582 ,ιιιιιιιιιιιιιιιιιι
