3020 5112
110 627 219 700 jussus
234 629 291 700 est,
313 629 354 701 ut,
370 611 557 700 posteaquam
568 625 629 699 Jom
644 625 774 686 Eubulus
788 627 819 684 in
834 625 957 701 mutium
970 627 1086 704 casaris
1103 632 1237 704 receptus
1251 628 1298 703 sit.

113 733 225 794 eadem
239 737 335 792 mente
350 733 380 790 in
395 731 487 804 ipsum
502 727 578 790 foret
592 745 695 806 necne,
712 731 792 806 prius
808 733 995 805 experiretur.

212 837 351 911 Augustae
366 815 443 895 foma
456 834 550 896 lemur
564 835 710 896 Eubulum
731 837 803 898 duos
821 839 1039 898 concionatores
1053 835 1188 898 werdeae
1202 853 1298 899 secum

114 942 288 1003 abduxisse.
320 941 519 1002 Atrebatensis
535 941 646 1002 duobus
660 940 798 1004 tratribus
813 944 872 1004 suis
887 942 1030 1019 germanis
1044 944 1196 1004 comitatus
1210 943 1298 1004 semel

114 1053 211 1122 atque
226 1049 331 1106 iterum
346 1063 499 1106 novercam
515 1051 643 1107 nostram
658 1048 688 1106 in
703 1047 830 1122 hospicio
845 1050 963 1110 inuisiit.
1030 1071 1032 1078 ·

212 1155 323 1214 Retulit
338 1153 420 1213 nobis
434 1153 509 1213 idem
524 1153 669 1214 Adrianus
684 1152 817 1214 abbatem
834 1155 870 1214 de
884 1154 1031 1216 Keisheim
1046 1155 1206 1216 Palatinum
1222 1156 1296 1216 elec·

115 1265 216 1320 torem
231 1260 262 1317 in
276 1256 436 1319 coenobium
451 1273 534 1317 suum
548 1257 672 1332 hospitio
687 1245 819 1332 excipere
834 1260 969 1320 noluisse.
992 1237 1163 1334 Reportauit
1177 1266 1207 1320 ct
1220 1267 1298 1322 cate·

115 1381 173 1426 nas
189 1381 303 1426 aureas.
327 1364 408 1424 Idem
422 1363 495 1422 dixit
508 1365 666 1438 Rotgerum
680 1359 742 1424 aud
753 1363 806 1424 der
819 1364 920 1439 Burpk
934 1377 1012 1440 seqre
1026 1365 1115 1425 uitam
1128 1366 1254 1426 munere.

211 1469 321 1530 Eadem
335 1483 430 1562 comcs
446 1456 643 1544 sigismundus
662 1465 831 1530 aGleiulneu
848 1470 918 1530 binc
936 1471 1016 1532 abiit.
1054 1465 1180 1532 Domina
1197 1487 1296 1532 socrus

116 1575 241 1636 donavit
255 1591 375 1636 uxorem
390 1581 419 1635 et
433 1591 479 1634 me
493 1575 598 1635 ιιιιιιιι
614 1575 734 1650 duabus,
751 1578 781 1635 in
793 1577 895 1650 quibus
906 1582 938 1638 et
951 1577 1013 1651 eius
1028 1579 1185 1642 efflemici
1197 1579 1297 1638 mariti

117 1679 232 1756 effigies
247 1682 286 1741 ad
299 1684 395 1742 vivum
408 1681 455 1741 vel
477 1699 495 1741 a
510 1679 631 1740 Zeuside
644 1682 715 1756 ipso
730 1680 856 1755 depictas
871 1687 997 1755 putores.
1035 1683 1129 1758 Super
1143 1686 1296 1759 imaginem

117 1803 221 1848 socrus
242 1788 379 1860 scriptum
397 1787 452 1845 Am
468 1787 547 1861 Tage
566 1783 707 1846 Bonilaoii
721 1785 777 1846 Bin
791 1786 841 1846 Ich
859 1801 911 1846 sex
928 1788 986 1848 und
1005 1790 1141 1863 uwsntzig
1155 1789 1229 1848 Jehr
1242 1789 1294 1864 alt,

118 1895 164 1952 Im
178 1888 234 1953 ιιιι
253 1895 347 1952 1536.

210 2000 303 2060 Fama
317 2004 362 2060 est
377 1999 560 2060 Chunradum
570 1999 703 2075 ΡιιιιιιςΙ
695 2000 818 2074 insignia
832 1999 944 2140 aliquot
957 1998 1093 2058 militaria
1104 1998 1188 2071 iuxta
1196 1997 1293 2058 Horu·

119 2107 197 2182 burg
213 2105 350 2167 erexisse
449 2181 451 2185 y

210 2211 475 2286 Magdeburgenses
499 2207 682 2272 excursiones
705 2216 772 2270 cont
772 2227 806 2270 ιι
759 2211 986 2272 tHenricum
1005 2208 1218 2283 Brunscbwiqte
1240 2209 1292 2270 du·

119 2335 183 2378 cem
198 2319 341 2406 seniorem
355 2313 456 2384 iecisse
471 2307 615 2375 dicuutur
653 2317 687 2375 ln
702 2315 798 2377 Misus
811 2317 882 2402 urbe
897 2333 949 2400 per
965 2316 1066 2377 docem
1080 2304 1250 2375 Muuritlum
1264 2320 1294 2375 et

119 2429 180 2484 stat
180 2438 214 2484 us
242 2399 380 2484 ditionum
405 2427 520 2481 ιιιιιιιι
545 2423 632 2482 oomit
632 2421 667 2482 ie
619 2422 827 2484 thabcntur
847 2439 934 2499 super
956 2423 1122 2497 receptione
1149 2419 1295 2509 maledicti

119 2528 245 2590 interim.
441 2537 445 2542 '
952 2545 953 2550 ’

211 2623 272 2694 Sub
285 2633 398 2694 noctem
413 2633 522 2694 balneis
538 2636 582 2694 usi
597 2651 704 2694 sumus.

210 2731 397 2818 Wildenlels‚
413 2741 566 2814 Romberg,
586 2739 801 2799 Sohonkirchen
816 2721 978 2799 arcessunt
992 2739 1172 2800 dominorum
1186 2756 1205 2798 ι
1219 2737 1291 2799 Wil-

121 2843 242 2920 deniels,
259 2861 313 2904 neo
328 2846 379 2904 ulli
393 2847 478 2905 modo
497 2851 564 2904 sunt
582 2843 703 2905 heredes
725 2845 810 2918 huJus
825 2845 958 2920 ιιιιριιιιι
973 2851 1080 2919 praeter
1094 2845 1253 2904 Hauricum
1263 2849 1294 2904 et

120 2965 251 3010 sororem
272 2952 336 3025 ejus
353 2951 559 3026 Margaretom.
598 2951 695 3010 Mater
716 2965 815 3010 corum
837 2965 920 3011 soror
942 2955 987 3009 est
1006 2950 1128 3018 ‚loannis
1149 2951 1293 3010 comitisa

121 3055 332 3172 Gleichen'jam
347 3057 488 3132 defuncti,
505 3057 575 3136 olim
587 3055 724 3116 Rembdae
738 3055 949 3115 commorantis.
1169 3042 1172 3046 ’

160 3163 321 3223 Eadem
336 3163 412 3222 aedes
427 3161 539 3223 Alberti
559 3153 709 3222 Draconis
719 3161 866 3221 irrisimus
887 3167 916 3221 et
930 3175 1058 3220 museum
1078 3159 1139 3234 ejus
1153 3155 1292 3217 librorum

120 3269 204 3343 copia
218 3268 332 3342 probe·
324 3272 381 3327 mst
382 3271 446 3338 ruct
447 3285 492 3326 um
508 3269 677 3332 invenimus

208 3373 257 3448 ιιι]
250 3373 383 3432 ''Julii
359 3373 473 3443 circiter
488 3375 637 3447 septimam
656 3372 773 3432 domins
792 3387 892 3434 socrus
912 3371 987 3434 filius
1002 3333 1125 3474 loannis
1141 3369 1291 3430 Hemicie

119 3461 395 3572 Schwartzenberg
386 3497 417 3537 m
432 3479 696 3566 Leuchtenbergam
710 3463 878 3540 remisit

208 3585 320 3645 Eadem
342 3597 440 3644 socrus
463 3601 515 3644 nos
531 3582 645 3658 flagello
668 3583 808 3660 donavit,
822 3585 853 3644 in
868 3587 949 3660 cujus
964 3585 1072 3660 capulo
1082 3579 1256 3664 clepsydra
1247 3596 1290 3640 m·

118 3689 200 3749 clusa
220 3670 265 3749 est
286 3705 350 3748 cum
376 3690 450 3774 notis
471 3697 500 3750 et
518 3690 658 3750 diuisione
685 3689 766 3749 horae
786 3667 871 3750 auius
882 3684 920 3748 in
938 3695 1038 3778 partos
1055 3693 1074 3747 4
1090 3694 1120 3748 et
1134 3688 1230 3760 lignea
1244 3689 1289 3744 ιι-

118 3789 226 3857 bellula
239 3797 359 3870 paginas
374 3767 496 3856 lubente
511 3801 585 3856 octo.
618 3793 690 3854 Haec
703 3809 823 3854 munera
838 3797 932 3854 socrui
946 3794 1074 3854 Jccnnes
1088 3790 1257 3852 wilhelmus
1272 3805 1291 3850 ι

118 3899 215 3960 Fuchs
230 3917 266 3960 ex
281 3901 405 3975 Turgaw
420 3897 501 3960 dum'
501 3915 630 3960 museum
651 3890 813 3974 principum
829 3901 962 3960 Saronico
978 3899 1183 3974 expelleretur,
1200 3894 1290 3974 (quod
1371 3953 1374 3959 .

118 4021 247 4065 museum
273 4005 348 4066 idem
369 4005 538 4065 Willrelmus
570 4002 661 4066 nobili
685 3991 866 4078 ¹supellectile
888 4009 918 4064 et
942 4006 1136 4067 monumentis
1152 4001 1291 4077 principe

118 4109 214 4186 dignis
228 4091 402 4172 instructum
412 4107 502 4169 luisse
517 4115 548 4170 et
562 4109 676 4184 singulo
690 4127 741 4170 suo
757 4102 859 4170 ordine
873 4111 915 4171 its
928 4111 1076 4185 dispositu,
1092 4102 1202 4184 ot'ipse
1217 4108 1289 4168 ordo

118 4218 277 4292 principem
292 4219 417 4277 animum
432 4213 595 4291 siguificare
609 4215 765 4291 videretur,
781 4214 905 4292 dixerut)
922 4217 1016 4277 socrui
1031 4210 1067 4276 eu
1081 4215 1224 4276 manubiis
1239 4213 1289 4275 ‹le2

117 4323 210 4384 derat.
233 4322 346 4383 Tabula
361 4329 455 4386 eutem
468 4323 530 4381 haec
544 4322 644 4396 agnita
664 4328 709 4382 est
719 4319 819 4383 'fuisse
833 4321 954 4384 Jcannis
968 4323 1053 4406 hujus
1067 4323 1091 4383 1.
1107 4323 1142 4382 F.
1158 4301 1290 4381 electoris

116 4537 161 4596 nis
176 4551 229 4598 sua
244 4499 408 4612 spngropha
429 4535 581 4597 conciones
596 4535 708 4610 aliquot
727 4495 890 4611 susceperat.
906 4535 995 4596 llam
1010 4537 1041 4595 in
1054 4531 1236 4610 ncuospicio
1249 4529 1290 4592 uic
