3054 5110
699 423 754 488 '55

137 602 273 666 omnibns
286 603 481 666 obedientiam
495 604 573 678 patri
587 608 726 678 praestare
746 603 867 678 dehere,
891 605 1003 680 ntique,
1028 607 1104 680 quod
1118 612 1202 682 pater
1215 608 1317 668 meiius

136 711 251 772 noverit
275 714 305 768 et
326 715 509 784 perspectum
532 709 654 783 haheat,
680 709 748 782 quid
770 707 829 768 filio
851 712 944 784 prosit
964 727 1110 786 rosetus,
1135 711 1318 790 quam-filius

135 829 296 894 agnoscere
311 819 362 874 aut
377 816 450 874 seire
464 816 585 890 ipsemet
598 815 698 888 possit.
735 814 838 888 Sitque
854 819 883 874 et
898 811 1104 902 discipulorum
1118 833 1244 879 amorem
1258 835 1316 878 non

131 936 173 997 ¹er
196 920 276 978 omni
295 923 379 992 perte
401 921 547 994 integrum
566 918 667 992 fnisse,
692 919 740 992 qni
756 918 900 978 Christum
920 921 998 994 apnd
1018 922 1095 994 ipsos
1118 923 1164 982 hie
1184 923 1215 982 in
1236 929 1315 983 terra

135 1023 277 1084 mansisse
292 1024 383 1096 magis
399 1029 558 1100 optassent,
575 1041 661 1098 quam
676 1024 713 1086 ad
728 1029 839 1086 tantum
852 1025 952 1087 salutis
967 1042 1038 1100 opus
1054 1032 1083 1086 et
1097 1027 1220 1102 gloriam
1235 1038 1315 1088 snam

135 1129 271 1204 mandre.
310 1129 383 1188 Item
397 1129 473 1190 idem
487 1129 563 1203 fore,
585 1133 609 1188 si
624 1130 688 1204 quis
702 1131 733 1190 in
746 1131 825 1190 lnetn
840 1131 879 1192 oh
892 1131 1000 1190 obitum
1015 1135 1167 1204 parentum
1182 1132 1228 1190 vel
1243 1134 1312 1192 ami-

134 1249 235 1292 cornm
250 1249 375 1292 moerore
390 1250 603 1308 supervacaneo
617 1235 730 1308 ingeret
744 1235 1034 1308 contristaretnrqne‚
1057 1237 1139 1308 quasi
1154 1236 1209 1296 iilis
1225 1239 1312 1296 vitam

134 1339 296 1398 beatiorem
310 1340 341 1398 in
355 1339 466 1398 eoelesti
479 1341 576 1414 patria
589 1340 726 1400 invideat.
765 1340 855 1400 Dolor
873 1341 961 1413 enim,
985 1342 1086 1416 inquit,
1110 1342 1313 1402 demissione

134 1450 290 1518 parentum
304 1445 350 1512 vel
365 1445 520 1504 amicorum
532 1444 629 1516 justus
643 1447 696 1518 est,
712 1459 810 1504 verum
818 1445 843 1502 is
853 1461 919 1504 suas
934 1450 1025 1504 metas
1035 1445 1132 1519 habet,
1149 1462 1220 1520 qnos
1235 1448 1313 1508 ultra

134 1551 268 1624 citraque
283 1550 381 1624 egredi
396 1567 456 1608 non
472 1549 563 1610 decet.
588 1549 621 1608 Id
636 1565 749 1624 quoque
765 1545 884 1610 noterit.
907 1550 1062 1610 Dominum
1077 1566 1135 1610 non
1149 1553 1244 1612 verbis
1260 1537 1311 1612 dn·

134 1654 262 1714 rioribus
271 1647 357 1714 usum
363 1672 436 1730 esse,
453 1655 538 1730 quale
547 1660 592 1714 est
602 1655 760 1730 »moriar«,
777 1658 828 1714 ant
838 1656 943 1728 simile;
961 1655 1013 1714 sed
1022 1671 1182 1716 sermonem
1196 1673 1250 1732 per
1265 1674 1312 1718 ex·

134 1761 308 1832 positionem
317 1761 471 1833 mitigasse,
488 1759 605 1833 scilieet,
624 1759 916 1832 »vadoadpatrem«,
932 1760 1122 1820 siontPauins
1137 1779 1196 1820 non
1207 1763 1314 1822 dixerit

136 1863 243 1936 »enpio
252 1865 358 1939 mori-e,
369 1865 421 1924 sed
432 1864 568 1926 »dissolvi
577 1851 692 1940 eripio«
707 1863 772 1922 Non
784 1868 827 1921 est
837 1864 966 1920 enimres
976 1862 1072 1938 digna,
1082 1867 1183 1938 inquit,
1195 1865 1311 1926 duriore

134 1970 269 2030 oratione
284 1968 320 2028 de
335 1973 426 2028 morte
440 1970 516 2028 inter
532 1968 711 2028 Christianos
726 1967 878 2028 disserere.
917 1967 992 2040 Quid
1006 1969 1081 2028 enim
1095 1969 1188 2043 alind,
1207 1971 1309 2044 inquit,

134 2079 180 2132 est
193 2075 282 2148 mori,
306 2091 392 2147 quam
407 2074 432 2132 si
447 2075 510 2147 quis
524 2089 665 2134 annosam
680 2078 710 2132 et
723 2073 848 2134 vetulum
864 2073 1019 2147 caballum,
1043 2074 1093 2146 qni
1107 2078 1168 2133 toto
1184 2075 1230 2134 die
1245 2092 1308 2136 onr-

133 2195 199 2238 rnm
214 2179 261 2236 vel
275 2180 371 2255 bigam
386 2179 521 2252 traxerit,
533 2180 595 2251 jam
609 2179 716 2239 lassum
732 2178 786 2238 snb
801 2183 912 2238 noetem
927 2179 1032 2254 solvat,
1049 2181 1229 2254 requiescere
1242 2197 1308 2256 per·

132 2285 244 2357 mittat,
267 2284 382 2344 interim
399 2289 428 2342 et
441 2281 579 2357 pabulum
593 2283 635 2342 iili
650 2283 793 2357 praehens.
830 2284 897 2342 Non
912 2268 1013 2356 alitor,¹
1031 2285 1086 2358 ait,
1109 2291 1190 2344 vetus
1211 2292 1309 2348 noster
1411 2369 1412 2373 Ἰ
1514 2341 1515 2368 3

131 2387 229 2448 Adam
243 2389 274 2446 in
288 2388 356 2462 biga
371 2388 465 2448 earnis
480 2392 657 2449 emaoeratns
673 2392 702 2446 et
717 2389 820 2463 anime,
836 2403 900 2461 quae
915 2405 931 2447 e
946 2392 1077 2463 supernis
1092 2395 1121 2448 et
1140 2391 1170 2450 in
1184 2407 1310 2468 superna

132 2494 300 2566 revertitur,
315 2493 352 2552 in.
361 2493 506 2568 ergastulo
522 2493 650 2565 eorporis
665 2491 797 2566 detenta,
814 2493 844 2552 in
859 2497 951 2552 morte
966 2495 1098 2568 solvitur,
1115 2501 1145 2556 et
1158 2502 1226 2556 tuno
1241 2509 1308 2562 sero

133 2602 164 2656 et
178 2613 245 2656 ossa
260 2598 457 2672 requiescunt,
473 2597 570 2658 anima
584 2612 654 2656 vero
668 2597 761 2656 libers
775 2596 812 2655 ad
826 2596 943 2656 hertam
956 2600 1079 2670 patriam
1093 2601 1238 2673 remigrat.
1261 2601 1309 2662 Ad

132 2700 223 2775 hune,
244 2699 321 2774 infit,
342 2701 459 2762 modum
472 2703 536 2774 pins
555 2701 780 2774 paterfamilias
799 2701 901 2762 morbo
921 2702 1085 2764 debilitatus
1101 2699 1154 2762 'nbi
1173 2721 1205 2764 se
1222 2707 1309 2767 morti

129 2807 191 2880 jnm
204 2806 331 2865 vicinum
345 2807 459 2880 viderit,
476 2807 581 2866 liberos
596 2807 643 2866 vei
655 2808 763 2866 ‘amieos
777 2807 889 2864 hortari
902 2808 949 2865 vel
963 2810 1105 2869 consolari
1119 2815 1229 2882 posset:
1245 2811 1306 2868 No·

132 2913 184 2971 lite
198 2926 325 2970 moerore
340 2909 424 2984 affici,
436 2927 490 2984 ego
506 2911 653 2988 animiam
669 2911 777 2971 dndnm
791 2911 822 2968 in
835 2910 891 2970 hoe
902 2909 996 2970 stadio
1007 2913 1144 2985 onrrendi
1158 2919 1209 2972 snt
1223 2915 1309 2990 hnjns

132 3017 246 3076 itineris
262 3031 325 3074 snm
339 3020 487 3089 pertesus.
526 3015 609 3076 Vade
624 3015 663 3074 sd
678 3016 812 3088 quietem,
831 3031 890 3073 non
905 3016 1025 3088 moriem
1050 3016 1153 3076 ooelnm
1167 3023 1306 3092 repetam,

11 3147 15 3154 ·
133 3120 183 3180 nbi
203 3135 317 3194 semper
333 3136 397 3178 cnm
412 3119 525 3180 domino
541 3137 591 3180 ero
607 3125 660 3180 ete.
675 3167 680 3176 ,
698 3121 752 3180 His
768 3119 879 3180 addidit
894 3118 930 3177 de
944 3118 1041 3178 verbis
1056 3119 1175 3196 donini,
1199 3122 1305 3197 disens,

132 3227 302 3300 quia-pater
315 3225 406 3298 maior
420 3241 466 3284 me
481 3230 539 3300 est,
556 3242 591 3284 ex
605 3226 659 3285 hoe
673 3227 736 3286 loeo
750 3225 874 3286 Arianos
894 3225 971 3284 virus
986 3221 1068 3284 sunm
1083 3232 1233 3299 suxerant,
1258 3228 1307 3300 qui

129 3329 326 3390 Christnmin
340 3345 464 3404 persona
478 3336 561 3404 patre
575 3333 715 3391 minorem
730 3347 793 3393 esse
809 3329 1029 3396 contendebant.
1066 3330 1122 3390 Sed
1136 3331 1161 3389 si
1175 3330 1304 3398 conside·

130 3439 261 3510 rassent,
277 3435 383 3510 inquit,
399 3436 427 3496 d.
443 3437 563 3496 Paulam
578 3436 617 3494 ad
631 3437 828 3510 Philippenses
845 3439 879 3510 3,
896 3436 1014 3510 aequalis
1029 3435 1099 3506 Deo
1108 3434 1202 3497 forma
1216 3441 1259 3496 est
1274 3444 1306 3498 nt

131 3541 217 3599 homo
233 3543 303 3614 eta,
320 3541 446 3615 allegans
463 3546 492 3602 et
506 3542 599 3600 loenm
614 3539 641 3599 d.
657 3536 750 3614 Petri,
774 3541 932 3615 symbolum
948 3539 1239 3616 wormatienses,
1256 3543 1305 3616 qui

131 3645 168 3706 de
186 3643 302 3704 Christo
317 3647 367 3720 ait,
384 3647 502 3721 aequnlis
516 3648 592 3720 patri
603 3647 687 3727 juxta
703 3645 891 3722 dirinitatem,
906 3647 999 3706 minor
1014 3650 1097 3718 patre
1107 3647 1192 3719 juxta
1206 3647 1305 3706 homa-

130 3751 257 3832 nitatem'
267 3753 322 3808 eto.
332 3813 336 3828 ‚
345 3751 407 3810 Nee
421 3757 474 3825 est,
490 3751 591 3826 inquit,
607 3749 682 3810 filius
693 3749 822 3810 Christus
837 3767 890 3810 nee
904 3753 933 3810 i'n
949 3751 1005 3810 duo
1021 3750 1138 3824 divisus,
1154 3749 1205 3810 sed
1219 3767 1304 3810 verns

130 3855 212 3916 Deus
228 3856 357 3916 ethome
372 3873 466 3916 verus.
498 3857 578 3918 Sient
593 3856 628 3916 de
644 3853 707 3914 Deo
723 3859 806 3930 patre
821 3855 918 3914 dieere
932 3870 1094 3926 possumus:
1111 3855 1200 3914 Pater
1215 3857 1304 3914 estin

130 3961 216 4034 coelo,
232 3964 316 4034 pater
331 3966 375 4020 est
389 3963 419 4020 in
433 3963 529 4020 terris.
555 3961 638 4032 Quod
652 3965 805 4034 utrmnqne
819 3975 918 4016 verum
932 3961 985 4016 est.
1015 3958 1089 4016 Nam
1104 3957 1200 4018 anima
1214 3961 1305 4032 patris

130 4067 161 4126 in
176 4067 265 4140 eoelo,
290 4082 393 4139 corpus
413 4083 482 4128 vero
502 4068 533 4126 in
551 4067 637 4126 terris
653 4071 705 4124 est.
744 4063 784 4124 At
795 4063 835 4122 de
856 4062 900 4120 his
916 4077 947 4120 se
961 4061 1131 4140 luculentius
1151 4061 1304 4124 adferiam

130 4175 243 4230 sextam
266 4146 408 4230 mmmmm
434 4171 573 4244 promisit.
611 4171 666 4230 Est
684 4171 759 4230 enim
779 4168 925 4228 Musenlus
945 4165 1098 4230 verboram
1117 4168 1226 4228 domini
1245 4169 1302 4228 eie-

111 4255 113 4260 ·
131 4276 315 4348 gratissimus
330 4275 524 4348 dispensator,
550 4276 598 4348 qni
613 4291 666 4333 nee
681 4292 767 4332 unum
778 4275 841 4347 jota
855 4274 902 4331 vel
916 4273 1035 4346 apicem,
1059 4290 1095 4332 ne
1112 4273 1203 4334 dicam
1219 4289 1304 4354 roon-

131 4379 189 4438 lam
200 4379 383 4455 [inexcussam
397 4379 543 4452 relinquit.
573 4377 726 4438 Confirmet
739 4381 769 4436 in
783 4380 846 4451 ipso
862 4377 1001 4450 dominns,
1019 4365 1245 4459 quod'operatns
1260 4383 1304 4436 est

131 4501 161 4543 m
184 4499 228 4542 eo.
264 4531 267 4543 s
