3046 5104
676 445 738 516 lla

112 628 257 704 amicitia„
283 646 347 704 quae
361 628 471 690 lucrum
492 637 600 690 tentum
623 637 674 692 aut
687 633 778 692 solum
792 631 925 692 secundae
944 631 1066 692 iortunae
1080 647 1180 694 suram
1197 633 1291 708 sequi·

115 741 161 794 tur
177 735 285 812 <prout
298 737 396 795 mundi
412 753 474 796 mos
490 734 546 811 est)
561 737 601 796 ed
615 754 712 797 veram
728 737 880 798 amicitiam
890 735 961 796 nihil
975 735 1052 797 iacit.
1075 739 1149 796 Nem
1164 746 1193 798 et
1208 725 1294 814 poeta

115 839 234 914 quidum
259 840 358 900 dicere
380 843 471 900 novit:
488 839 590 914 rTurpe
615 841 728 914 quidem
747 843 843 916 dictu,
864 841 915 901 sed
938 842 963 902 si
978 841 1061 904 modo
1076 859 1145 901 veru
1159 842 1292 917 fatemur,

114 946 216 1018 vulgus
232 946 377 1004 amicitias
397 946 522 1004 utilitate
541 946 655 1020 prohat.
694 945 752 1006 Ubi
774 943 954 1005 'vereremur
977 943 1064 1004 feries
1079 947 1291 1034 tristior'appa-

114 1051 213 1123 ruerit,
238 1066 326 1108 nemo
342 1054 395 1123 est,
419 1051 469 1121 qui
483 1051 604 1108 amicum
619 1055 780 1124 cognoscat,
803 1052 876 1108 sicut
890 1049 967 1110 idem
982 1051 1062 1108 Naso
1076 1053 1167 1110 canit:
1193 1051 1294 1110 Donec

114 1155 168 1212 eris
187 1151 263 1212 dclix
284 1155 390 1212 multos
419 1155 581 1214 numerabis
603 1132 722 1228 amicos
756 1161 886 1228 tempore
906 1157 931 1213 ei
954 1153 1062 1214 fuerint
1085 1155 1191 1230 nubila,
1216 1157 1293 1214 solus

111 1257 176 1316 eris
211 1257 297 1316 Telis
311 1257 400 1330 igitur
412 1258 549 1332 amicitia,
565 1264 597 1316 ut
611 1258 679 1332 dixi,
696 1246 803 1318 nullius
817 1259 976 1331 precii'est.
1001 1257 1131 1318 Christus
1147 1265 1243 1318 autem
1259 1267 1293 1320 ut

112 1363 322 1420 remoto‘omni
338 1359 402 1420 luco
418 1378 485 1420 vere
499 1361 603 1436 diligit,
620 1363 661 1420 ita
676 1351 909 1422 rerauleeudne
926 1380 957 1422 se
973 1381 1086 1436 quoque
1101 1365 1209 1426 anobis
1225 1383 1292 1440 prc-

115 1455 197 1537 sequi
212 1467 288 1524 vult.
328 1441 374 1524 En
386 1464 589 1524 obseruatione
603 1473 700 1526 autern
715 1484 823 1542 eorum,
848 1483 911 1540 quae
927 1466 1058 1527 Christus
1072 1471 1220 1544 praecepit,
1236 1485 1292 1528 non

114 1569 265 1629 reddimur
281 1573 367 1630 amici
382 1571 497 1630 Christi.
521 1572 595 1630 Num
607 1573 770 1632 obscuratio
785 1573 846 1630 haec
861 1573 973 1646 signum
989 1579 1041 1646 est,
1058 1573 1135 1650 quod
1149 1573 1293 1632 Christum

113 1672 314 1750 redamemus,
337 1678 387 1748 qui
408 1692 460 1734 nos
483 1692 519 1733 en
533 1691 615 1734 mera
633 1675 775 1734 choritete
796 1683 826 1748 et
840 1679 968 1750 gratuita
990 1668 1186 1738 misericordie
1208 1681 1293 1738 etism

114 1783 182 1852 tum,
199 1795 269 1864 cum
287 1765 384 1838 adhuc
399 1781 485 1840 alieni
499 1779 614 1852 abipso
631 1781 660 1836 et
674 1784 842 1851 peccatores
856 1797 993 1852 essemus,
1011 1783 1111 1842 dilexit
1127 1789 1180 1842 etc.
1218 1785 1294 1841 Nem

114 1880 316 1945 filiusfamilias
341 1903 398 1946 non
420 1885 550 1944 redditur
572 1883 648 1942 filius
669 1900 704 1943 ex
724 1883 908 1944 observantia
926 1890 1138 1959 ergapatrem,
1170 1887 1221 1944 sed
1233 1889 1292 1959 jem

112 1991 171 2046 tum
186 1987 266 2048 filius
283 1996 331 2050 est
346 1997 376 2050 ct
401 1995 486 2064 pater
501 2005 566 2050 eum
580 2005 635 2063 pro
649 1986 708 2049 filio
724 1987 814 2046 ducit·
849 1988 939 2047 Filius
953 1994 1054 2046 ‘auteur
1069 1990 1125 2048 hac
1139 1990 1292 2052 observan-

115 2093 154 2151 tia
169 2109 200 2152 se
216 2101 335 2167 petrem
359 2094 480 2168 diligere
500 2092 626 2152 ostendit
640 2100 693 2172 etc.
734 2092 817 2164 Quod
837 2083 950 2166 quoque
974 2111 1009 2170 ex
1032 2095 1080 2152 illo
1102 2099 1192 2169 petet,
1216 2096 1294 2170 quod

115 2177 245 2257 Christus
257 2197 331 2258 dicit
342 2198 462 2271 »estisq
475 2213 533 2256 non
544 2199 677 2257 »eritis«.
693 2197 804 2256 Nam'si
813 2215 883 2258 vera
898 2199 1048 2280 dilectione
1058 2199 1203 2282 Christum
1215 2218 1292 2259 ema-

115 2305 253 2378 verimus,
276 2299 405 2378 proiecto
420 2302 482 2359 hee
497 2302 612 2362 dilectio
628 2320 687 2362 non
702 2304 758 2362 erit
771 2309 894 2378 mortus,
911 2303 962 2362 sed
976 2305 1039 2364 voci
1055 2303 1161 2364 Christi
1175 2305 1294 2364 ohedire

114 2414 235 2482 sataget.
281 2406 366 2479 Quod
381 2407 450 2468 vero
464 2407 549 2481 dixit,
565 2408 685 2481 posthac
699 2422 750 2468 vos
760 2389 823 2468 ¹non
836 2410 902 2470 dioc
913 2425 1016 2468 servos
1032 2417 1096 2484 etc,
1118 2417 1162 2470 est
1176 2412 1292 2470 immen-

114 2527 153 2568 sae
167 2511 311 2576 bonitatis
320 2511 429 2585 Christi
439 2529 511 2586 erga
527 2529 579 2572 nos
594 2515 713 2574 miseros
728 2516 897 2574 vermiculos
912 2516 1057 2591 indicium,
1072 2532 1136 2574 oum
1152 2534 1204 2576 nos
1212 2517 1291 2576 Deus

115 2621 145 2674 et
158 2633 210 2692 rex
223 2617 298 2677 ooeli
313 2623 343 2676 et
354 2594 443 2676 terrae
467 2603 574 2676 amicos
594 2624 691 2692 vocat,
712 2619 761 2690 qui
784 2635 821 2678 ue
836 2619 913 2678 servi
924 2621 1046 2692 vquidem
1063 2623 1140 2680 tanti
1155 2623 1291 2706 principis

115 2737 177 2780 esse
192 2737 367 2780 mereamur.
385 2723 482 2792 Simile
497 2729 584 2782 estet
598 2724 662 2795 hoc,
679 2723 757 2795 quod
771 2723 848 2782 idem
861 2724 995 2782 dominus
1011 2725 1088 2799 dicit„
1104 2742 1218 2784 servum
1233 2744 1291 2786 non

107 2826 186 2897 scire
202 2829 384 2887 voluntatem
410 2829 532 2900 domini,
556 2835 588 2888 et
609 2846 641 2888 se
660 2827 804 2901 discipulis
826 2829 1001 2887 voluntatem
1023 2835 1053 2887 et
1068 2833 1175 2904 omniu,
1193 2823 1291 2904 quase

115 2935 196 3002 patre
211 2933 368 3005 acceperit,
385 2925 582 2992 annunciesse.
615 2933 681 2990 *Hic
695 2932 843 2990 Masculus
862 2930 961 2992 docuit
975 2924 1055 2992 verbi
1074 2933 1161 2993 divini
1176 2935 1290 2994 nuditus

114 3049 199 3105 qnam
214 3027 397 3095 necessarius
413 3037 460 3094 sit
498 3037 571 3095 ltem
594 3052 679 3110 quam
695 3037 823 3095 salutare
846 3036 997 3109 sit,:henc
1011 3038 1100 3108 patris
1115 3039 1290 3098 voluntatem

114 3135 261 3226 didicisse,
279 3145 309 3198 et
324 3139 478 3212 quodhaec
496 3139 626 3200 voluntas
641 3142 756 3199 minime
770 3145 821 3200 eut
832 3139 1034 3214 expunctibus
1044 3137 1126 3216 pictis
1142 3149 1193 3200 aut
1207 3135 1289 3202 anili·
1402 3181 1407 3192 ·

117 3241 167 3302 hus
181 3229 301 3318 tabulis,
317 3243 369 3302 sed
384 3261 420 3302 ex
437 3244 539 3304 auditu
554 3245 695 3318 evangelii
710 3251 740 3304 et
753 3245 848 3304 bibliis
864 3246 953 3303 sacris
969 3245 1126 3318 quaerenda
1141 3249 1187 3305 sit.
1217 3248 1289 3307 Item

116 3349 191 3418 quod
210 3368 273 3422 non
286 3347 411 3408 sufficiet
433 3351 507 3408 hanc
527 3350 694 3423 cognovisse
714 3353 744 3408 et
758 3351 846 3422 scire,
870 3349 920 3408 sed
942 3353 974 3408 ut
990 3367 1051 3408 cam
1068 3367 1156 3426 opere
1171 3353 1289 3426 implore

115 3467 267 3528 conemur,
281 3455 366 3527 juxto
378 3455 466 3526 illud,
486 3471 606 3513 »servus
622 3455 714 3512 sciens
734 3453 908 3542 voluntatem
932 3445 1042 3532 domini
1059 3461 1087 3514 et
1110 3451 1167 3519 nou
1181 3457 1289 3517 faciens

116 3557 208 3632 ¹plagis
224 3549 323 3616 multis
336 3537 517 3631 vapulabit«
535 3559 607 3616 Item
624 3557 740 3630 quodsi
755 3534 818 3630 quis
833 3558 885 3631 per
900 3559 1038 3617 inermium
1048 3561 1129 3618 verbi
1143 3578 1289 3632 prueconps

117 3663 217 3724 audire
233 3664 381 3734 nollet‚“et
394 3668 491 3720 tamen
505 3663 696 3736 ignierantism
712 3661 892 3735 praetendere
907 3663 985 3736 velit,
999 3665 1083 3720 ‘hunc
1093 3645 1289 3735 ¹ignoruntium

118 3779 173 3824 non
188 3775 336 3826 excusare.
366 3761 429 3845 illic
444 3766 539 3826 autem
554 3767 658 3831 seriem
674 3766 894 3826 admonitionem
907 3764 947 3822 ad
960 3773 1029 3824 cres
1045 3783 1105 3824 suae
1122 3771 1198 3825 curae
1214 3765 1289 3828 comss

118 3871 218 3932 misses
234 3873 382 3932 Masculus
397 3872 506 3946 hahuit,
522 3856 637 3932 ‘dicensi'
657 3871 784 3941 Majores
800 3869 892 3926 uestri
906 3869 996 3927 zelun
1012 3858 1175 3930 habuerunt
1190 3887 1224 3931 ea
1245 3861 1288 3932 ia·

118 3974 228 4052 ciendi,
251 3968 316 4050 qdae
340 3958 394 4048 ipsi
417 3977 510 4035 edocti
534 3983 629 4048 erant,
654 3991 725 4036 cum*
738 3979 835 4060 tumen
857 3972 920 4030 lraec
939 3975 1070 4034 volmrtas
1085 3976 1140 4034 Dei
1161 3977 1217 4036 illis
1232 3989 1290 4038 non

121 4077 192 4138 adeo
208 4079 333 4140 dilucide
348 4096 381 4138 ιι
396 4080 478 4139 nohis
490 4081 549 4152 jam
565 4083 732 4138 coruscante
750 4078 893 4152 evangelii
908 4078 980 4152 luce,
998 4076 1066 4139 ileo
1081 4081 1145 4139 laus
1160 4085 1288 4156 contigit,

121 4179 356 4244 indicetaiuerit.
392 4185 448 4247 Sed
462 4199 514 4241 nos
530 4183 602 4256 proh
624 4182 706 4242 dolor
727 4187 787 4241 tam
801 4184 929 4257 languidi
945 4191 974 4243 et
989 4187 1079 4260 tepidi
1094 4203 1200 4260 sumus,
1216 4193 1287 4246 tenr-

57 4359 60 4364 .
122 4292 224 4362 nentes
238 4293 349 4348 tantum
364 4287 571 4361 benignitatem
586 4287 709 4346 Deincc
723 4288 782 4346 ullo
795 4278 857 4348 uelo
873 4289 919 4347 vel
933 4289 990 4348 Dei
1003 4291 1102 4364 gloriae
1118 4297 1167 4350 aut
1182 4297 1289 4350 nostrae

121 4388 221 4458 salutis
235 4393 389 4466 tangimur,
406 4384 707 4465 petribus'hecleretio
722 4395 876 4452 volunteus
891 4395 955 4468 Dei,
977 4395 1060 4455 nohis
1075 4399 1152 4462 zelus
1164 4398 1222 4457 Dei
1231 4398 1287 4458 ‚de-

121 4498 174 4552 est.
213 4495 396 4572 Quapropter
411 4514 464 4572 pro
480 4497 593 4558 Christi·
603 4514 707 4578 amore
726 4505 755 4558 et
769 4498 862 4572 glorio
881 4516 933 4561 nos
949 4501 1129 4562 obsecremus
1144 4503 1289 4562 meliorem
