<?xml version="1.0" encoding="UTF-8"?>
<!DOCTYPE html PUBLIC "-//W3C//DTD XHTML 1.0 Transitional//EN"
    "http://www.w3.org/TR/xhtml1/DTD/xhtml1-transitional.dtd">
<html xmlns="http://www.w3.org/1999/xhtml" xml:lang="en" lang="en">
 <head>
  <title>
</title>
<meta http-equiv="Content-Type" content="text/html;charset=utf-8" />
  <meta name='ocr-system' content='tesseract 3.04.00' />
  <meta name='ocr-capabilities' content='ocr_page ocr_carea ocr_par ocr_line ocrx_word'/>
</head>
<body>
  <div class='ocr_page' id='page_1' title='image "./desgrafenwolrad02trosgoog_0215.png"; bbox 0 0 3020 5112; ppageno 0'>
   <div class='ocr_carea' id='block_1_1' title="bbox 769 441 841 508">
    <p class='ocr_par' dir='ltr' id='par_1_1' title="bbox 769 441 841 508">
     <span class='ocr_line' id='line_1_1' title="bbox 769 441 841 508; baseline 0 0"><span class='ocrx_word' id='word_1_1' title='bbox 769 441 841 508; x_wconf 73' lang='lat'><strong>&#39;204</strong></span> 
     </span>
    </p>
   </div>
   <div class='ocr_carea' id='block_1_2' title="bbox 182 621 1397 4171">
    <p class='ocr_par' dir='ltr' id='par_1_2' title="bbox 226 621 1396 913">
     <span class='ocr_line' id='line_1_2' title="bbox 314 621 1396 702; baseline -0.007 -12"><span class='ocrx_word' id='word_1_2' title='bbox 314 629 457 690; x_wconf 76' lang='lat' dir='ltr'><strong>loannem</strong></span> <span class='ocrx_word' id='word_1_3' title='bbox 477 625 560 688; x_wconf 89' lang='lat' dir='ltr'><strong>nobis</strong></span> <span class='ocrx_word' id='word_1_4' title='bbox 581 642 599 687; x_wconf 88' lang='lat' dir='ltr'><strong>a</strong></span> <span class='ocrx_word' id='word_1_5' title='bbox 623 624 743 702; x_wconf 86' lang='lat' dir='ltr'><strong>pedibus</strong></span> <span class='ocrx_word' id='word_1_6' title='bbox 758 623 923 686; x_wconf 87' lang='lat' dir='ltr'><strong>&#39;Schomtnd</strong></span> <span class='ocrx_word' id='word_1_7' title='bbox 946 629 1012 700; x_wconf 88' lang='lat' dir='ltr'><strong>post</strong></span> <span class='ocrx_word' id='word_1_8' title='bbox 1032 628 1147 698; x_wconf 79' lang='lat' dir='ltr'><strong>tergum</strong></span> <span class='ocrx_word' id='word_1_9' title='bbox 1160 621 1291 698; x_wconf 85' lang='lat' dir='ltr'><strong>reliquit,</strong></span> <span class='ocrx_word' id='word_1_10' title='bbox 1307 622 1396 696; x_wconf 87' lang='lat' dir='ltr'><strong>quiet</strong></span> 
     </span>
     <span class='ocr_line' id='line_1_3' title="bbox 227 727 1395 810; baseline -0.007 -17"><span class='ocrx_word' id='word_1_11' title='bbox 227 735 290 810; x_wconf 91' lang='lat' dir='ltr'><strong>ipse</strong></span> <span class='ocrx_word' id='word_1_12' title='bbox 304 733 417 793; x_wconf 83' lang='lat' dir='ltr'><strong>litteras</strong></span> <span class='ocrx_word' id='word_1_13' title='bbox 432 749 449 792; x_wconf 90' lang='lat' dir='ltr'><strong>e</strong></span> <span class='ocrx_word' id='word_1_14' title='bbox 464 733 560 807; x_wconf 81' lang='lat' dir='ltr'><strong>patuis</strong></span> <span class='ocrx_word' id='word_1_15' title='bbox 573 737 674 792; x_wconf 86' lang='lat' dir='ltr'><strong>nostra</strong></span> <span class='ocrx_word' id='word_1_16' title='bbox 687 729 791 790; x_wconf 83' lang='lat' dir='ltr'><strong>edient</strong></span> <span class='ocrx_word' id='word_1_17' title='bbox 822 727 892 790; x_wconf 78' lang='lat' dir='ltr'><strong>nun</strong></span> <span class='ocrx_word' id='word_1_18' title='bbox 903 729 1075 791; x_wconf 88' lang='lat' dir='ltr'><strong>derDonuu</strong></span> <span class='ocrx_word' id='word_1_19' title='bbox 1090 745 1126 788; x_wconf 87' lang='lat' dir='ltr'><strong>zu</strong></span> <span class='ocrx_word' id='word_1_20' title='bbox 1141 728 1250 790; x_wconf 86' lang='lat' dir='ltr'><strong>Werdt</strong></span> <span class='ocrx_word' id='word_1_21' title='bbox 1271 729 1332 787; x_wconf 86' lang='lat' dir='ltr'><strong>Hat</strong></span> <span class='ocrx_word' id='word_1_22' title='bbox 1345 728 1395 786; x_wconf 73' lang='lat' dir='ltr'><strong>mn</strong></span> 
     </span>
     <span class='ocr_line' id='line_1_4' title="bbox 226 835 672 913; baseline -0.009 -15"><span class='ocrx_word' id='word_1_23' title='bbox 226 838 297 900; x_wconf 79' lang='lat' dir='ltr'><strong>Gott</strong></span> <span class='ocrx_word' id='word_1_24' title='bbox 310 842 378 913; x_wconf 76' lang='lat' dir='ltr'><strong>gnte</strong></span> <span class='ocrx_word' id='word_1_25' title='bbox 393 842 517 898; x_wconf 83' lang='lat' dir='ltr'><strong>antuort</strong></span> <span class='ocrx_word' id='word_1_26' title='bbox 530 835 672 896; x_wconf 87' lang='lat' dir='ltr'><strong>boscbert.</strong></span> 
     </span>
    </p>

    <p class='ocr_par' dir='ltr' id='par_1_3' title="bbox 182 936 1397 4171">
     <span class='ocr_line' id='line_1_5' title="bbox 314 936 1396 1014; baseline -0.006 -12"><span class='ocrx_word' id='word_1_27' title='bbox 314 959 370 1002; x_wconf 85' lang='lat' dir='ltr'><strong>xxv</strong></span> <span class='ocrx_word' id='word_1_28' title='bbox 390 941 469 1002; x_wconf 84' lang='lat' dir='ltr'><strong>Junii</strong></span> <span class='ocrx_word' id='word_1_29' title='bbox 485 941 602 1002; x_wconf 80' lang='lat' dir='ltr'><strong>Wcrdae</strong></span> <span class='ocrx_word' id='word_1_30' title='bbox 621 943 698 1001; x_wconf 87' lang='lat' dir='ltr'><strong>intra</strong></span> <span class='ocrx_word' id='word_1_31' title='bbox 719 941 848 1014; x_wconf 76' lang='lat' dir='ltr'><strong>quintam</strong></span> <span class='ocrx_word' id='word_1_32' title='bbox 870 944 899 1000; x_wconf 90' lang='lat' dir='ltr'><strong>et</strong></span> <span class='ocrx_word' id='word_1_33' title='bbox 924 945 1036 1000; x_wconf 87' lang='lat' dir='ltr'><strong>sextum</strong></span> <span class='ocrx_word' id='word_1_34' title='bbox 1059 939 1145 1000; x_wconf 87' lang='lat' dir='ltr'><strong>horas</strong></span> <span class='ocrx_word' id='word_1_35' title='bbox 1159 936 1247 1011; x_wconf 85' lang='lat' dir='ltr'><strong>idem</strong></span> <span class='ocrx_word' id='word_1_36' title='bbox 1270 937 1320 1010; x_wconf 87' lang='lat' dir='ltr'><strong>qui</strong></span> <span class='ocrx_word' id='word_1_37' title='bbox 1338 937 1396 996; x_wconf 85' lang='lat' dir='ltr'><strong>beri</strong></span> 
     </span>
     <span class='ocr_line' id='line_1_6' title="bbox 224 1025 1394 1122; baseline -0.009 -13"><span class='ocrx_word' id='word_1_38' title='bbox 224 1055 293 1109; x_wconf 88' lang='lat' dir='ltr'><strong>ante</strong></span> <span class='ocrx_word' id='word_1_39' title='bbox 307 1047 455 1107; x_wconf 78' lang='lat' dir='ltr'>meridiem</span> <span class='ocrx_word' id='word_1_40' title='bbox 470 1025 700 1120; x_wconf 80' lang='lat' dir='ltr'><strong>concionabatur,</strong></span> <span class='ocrx_word' id='word_1_41' title='bbox 717 1062 753 1104; x_wconf 86' lang='lat' dir='ltr'><strong>cx</strong></span> <span class='ocrx_word' id='word_1_42' title='bbox 767 1062 829 1118; x_wconf 88' lang='lat' dir='ltr'><strong>cap.</strong></span> <span class='ocrx_word' id='word_1_43' title='bbox 844 1043 865 1103; x_wconf 82' lang='grc'><strong>’6</strong></span> <span class='ocrx_word' id='word_1_44' title='bbox 882 1045 968 1104; x_wconf 86' lang='lat' dir='ltr'><strong>Lucae</strong></span> <span class='ocrx_word' id='word_1_45' title='bbox 984 1046 1046 1104; x_wconf 86' lang='lat' dir='ltr'><strong>baec</strong></span> <span class='ocrx_word' id='word_1_46' title='bbox 1059 1043 1149 1104; x_wconf 86' lang='lat' dir='ltr'><strong>uerba</strong></span> <span class='ocrx_word' id='word_1_47' title='bbox 1162 1042 1253 1117; x_wconf 78' lang='lat' dir='ltr'><strong>legit:</strong></span> <span class='ocrx_word' id='word_1_48' title='bbox 1267 1042 1394 1122; x_wconf 84' lang='lat' dir='ltr'><strong>»Verun-</strong></span> 
     </span>
     <span class='ocr_line' id='line_1_7' title="bbox 225 1146 1396 1228; baseline -0.009 -14"><span class='ocrx_word' id='word_1_49' title='bbox 225 1157 330 1228; x_wconf 72' lang='lat' dir='ltr'><strong>tamen</strong></span> <span class='ocrx_word' id='word_1_50' title='bbox 346 1150 398 1212; x_wconf 79' lang='lat' dir='ltr'><strong>uc</strong></span> <span class='ocrx_word' id='word_1_51' title='bbox 414 1151 495 1212; x_wconf 87' lang='lat' dir='ltr'><strong>vobis</strong></span> <span class='ocrx_word' id='word_1_52' title='bbox 511 1151 659 1225; x_wconf 82' lang='lat' dir='ltr'><strong>divitibus,</strong></span> <span class='ocrx_word' id='word_1_53' title='bbox 676 1151 725 1224; x_wconf 88' lang='lat' dir='ltr'><strong>qui</strong></span> <span class='ocrx_word' id='word_1_54' title='bbox 739 1149 851 1210; x_wconf 86' lang='lat' dir='ltr'><strong>habetis</strong></span> <span class='ocrx_word' id='word_1_55' title='bbox 866 1149 1089 1211; x_wconf 70' lang='lat' dir='ltr'><strong>consolationem</strong></span> <span class='ocrx_word' id='word_1_56' title='bbox 1103 1152 1252 1221; x_wconf 72' lang='lat' dir='ltr'><strong>vescum„</strong></span> <span class='ocrx_word' id='word_1_57' title='bbox 1261 1161 1306 1206; x_wconf 83' lang='lat' dir='ltr'><strong>vce</strong></span> <span class='ocrx_word' id='word_1_58' title='bbox 1321 1146 1396 1205; x_wconf 88' lang='lat' dir='ltr'><strong>vobis</strong></span> 
     </span>
     <span class='ocr_line' id='line_1_8' title="bbox 226 1251 1393 1332; baseline -0.009 -14"><span class='ocrx_word' id='word_1_59' title='bbox 226 1257 411 1332; x_wconf 80' lang='lat' dir='ltr'><strong>qniustnrau</strong></span> <span class='ocrx_word' id='word_1_60' title='bbox 426 1257 504 1330; x_wconf 89' lang='lat' dir='ltr'><strong>ostis,</strong></span> <span class='ocrx_word' id='word_1_61' title='bbox 521 1257 588 1328; x_wconf 87' lang='lat' dir='ltr'><strong>quic</strong></span> <span class='ocrx_word' id='word_1_62' title='bbox 604 1256 749 1328; x_wconf 87' lang='lat' dir='ltr'><strong>esurietis,</strong></span> <span class='ocrx_word' id='word_1_63' title='bbox 773 1271 816 1312; x_wconf 85' lang='lat' dir='ltr'><strong>vae</strong></span> <span class='ocrx_word' id='word_1_64' title='bbox 832 1256 926 1329; x_wconf 84' lang='lat' dir='ltr'><strong>vobis,</strong></span> <span class='ocrx_word' id='word_1_65' title='bbox 949 1256 999 1328; x_wconf 90' lang='lat' dir='ltr'><strong>qui</strong></span> <span class='ocrx_word' id='word_1_66' title='bbox 1013 1254 1114 1318; x_wconf 86' lang='lat' dir='ltr'><strong>ridetis</strong></span> <span class='ocrx_word' id='word_1_67' title='bbox 1130 1268 1215 1326; x_wconf 89' lang='lat' dir='ltr'><strong>nunc,</strong></span> <span class='ocrx_word' id='word_1_68' title='bbox 1233 1252 1304 1326; x_wconf 85' lang='lat' dir='ltr'><strong>quia</strong></span> <span class='ocrx_word' id='word_1_69' title='bbox 1318 1251 1393 1324; x_wconf 76' lang='lat' dir='ltr'><strong>lupc-</strong></span> 
     </span>
     <span class='ocr_line' id='line_1_9' title="bbox 225 1356 1392 1435; baseline -0.009 -11"><span class='ocrx_word' id='word_1_70' title='bbox 225 1363 294 1424; x_wconf 86' lang='lat' dir='ltr'><strong>bitis</strong></span> <span class='ocrx_word' id='word_1_71' title='bbox 309 1365 338 1422; x_wconf 88' lang='lat' dir='ltr'><strong>et</strong></span> <span class='ocrx_word' id='word_1_72' title='bbox 353 1357 466 1433; x_wconf 87' lang='lat' dir='ltr'><strong>flebitis,</strong></span> <span class='ocrx_word' id='word_1_73' title='bbox 482 1375 526 1418; x_wconf 84' lang='lat' dir='ltr'><strong>uae</strong></span> <span class='ocrx_word' id='word_1_74' title='bbox 540 1361 636 1435; x_wconf 82' lang='lat' dir='ltr'><strong>uobis,</strong></span> <span class='ocrx_word' id='word_1_75' title='bbox 653 1376 716 1420; x_wconf 88' lang='lat' dir='ltr'><strong>cum</strong></span> <span class='ocrx_word' id='word_1_76' title='bbox 731 1359 913 1421; x_wconf 75' lang='lat' dir='ltr'>laudaverint</span> <span class='ocrx_word' id='word_1_77' title='bbox 927 1377 978 1419; x_wconf 79' lang='lat' dir='ltr'><strong>vos</strong></span> <span class='ocrx_word' id='word_1_78' title='bbox 995 1374 1092 1420; x_wconf 87' lang='lat' dir='ltr'><strong>omues</strong></span> <span class='ocrx_word' id='word_1_79' title='bbox 1106 1358 1248 1418; x_wconf 85' lang='lat' dir='ltr'><strong>homines.</strong></span> <span class='ocrx_word' id='word_1_80' title='bbox 1288 1356 1392 1416; x_wconf 56' lang='lat' dir='ltr'><strong>‘Secun-</strong></span> 
     </span>
     <span class='ocr_line' id='line_1_10' title="bbox 226 1449 1393 1540; baseline -0.007 -13"><span class='ocrx_word' id='word_1_81' title='bbox 226 1467 303 1528; x_wconf 90' lang='lat' dir='ltr'><strong>dum</strong></span> <span class='ocrx_word' id='word_1_82' title='bbox 313 1467 376 1526; x_wconf 78' lang='lat' dir='ltr'><strong>hec</strong></span> <span class='ocrx_word' id='word_1_83' title='bbox 390 1468 465 1526; x_wconf 91' lang='lat' dir='ltr'><strong>enim</strong></span> <span class='ocrx_word' id='word_1_84' title='bbox 480 1463 624 1526; x_wconf 78' lang='lat' dir='ltr'><strong>faciebant</strong></span> <span class='ocrx_word' id='word_1_85' title='bbox 638 1464 896 1540; x_wconf 84' lang='lat' dir='ltr'><strong>psendopropnctis</strong></span> <span class='ocrx_word' id='word_1_86' title='bbox 911 1471 1009 1540; x_wconf 87' lang='lat' dir='ltr'><strong>putres</strong></span> <span class='ocrx_word' id='word_1_87' title='bbox 1025 1481 1142 1524; x_wconf 77' lang='lat' dir='ltr'><strong>eorum«</strong></span> <span class='ocrx_word' id='word_1_88' title='bbox 1160 1468 1216 1523; x_wconf 88' lang='lat' dir='ltr'><strong>etc.</strong></span> <span class='ocrx_word' id='word_1_89' title='bbox 1240 1449 1338 1534; x_wconf 71' lang='lat' dir='ltr'><strong>Scitis,</strong></span> <span class='ocrx_word' id='word_1_90' title='bbox 1354 1461 1393 1518; x_wconf 91' lang='lat' dir='ltr'><strong>iu-</strong></span> 
     </span>
     <span class='ocr_line' id='line_1_11' title="bbox 228 1563 1395 1646; baseline -0.004 -15"><span class='ocrx_word' id='word_1_91' title='bbox 228 1573 300 1646; x_wconf 88' lang='lat' dir='ltr'><strong>quit,</strong></span> <span class='ocrx_word' id='word_1_92' title='bbox 316 1571 457 1646; x_wconf 73' lang='lat' dir='ltr'><strong>duplicem</strong></span> <span class='ocrx_word' id='word_1_93' title='bbox 471 1563 554 1628; x_wconf 82' lang='lat' dir='ltr'><strong>usum</strong></span> <span class='ocrx_word' id='word_1_94' title='bbox 569 1585 631 1629; x_wconf 86' lang='lat' dir='ltr'><strong>esec</strong></span> <span class='ocrx_word' id='word_1_95' title='bbox 646 1568 793 1630; x_wconf 85' lang='lat' dir='ltr'><strong>sacrarum</strong></span> <span class='ocrx_word' id='word_1_96' title='bbox 807 1569 977 1644; x_wconf 77' lang='lat' dir='ltr'><strong>litterarum,</strong></span> <span class='ocrx_word' id='word_1_97' title='bbox 994 1575 1044 1630; x_wconf 84' lang='lat' dir='ltr'><strong>unt</strong></span> <span class='ocrx_word' id='word_1_98' title='bbox 1053 1568 1201 1643; x_wconf 80' lang='lat' dir='ltr'><strong>duplicem</strong></span> <span class='ocrx_word' id='word_1_99' title='bbox 1216 1583 1319 1628; x_wconf 87' lang='lat' dir='ltr'><strong>earnm</strong></span> <span class='ocrx_word' id='word_1_100' title='bbox 1332 1582 1395 1641; x_wconf 88' lang='lat' dir='ltr'><strong>ope·</strong></span> 
     </span>
     <span class='ocr_line' id='line_1_12' title="bbox 226 1671 1394 1750; baseline -0.008 -13"><span class='ocrx_word' id='word_1_101' title='bbox 226 1677 376 1738; x_wconf 77' lang='lat' dir='ltr'><strong>rationem.</strong></span> <span class='ocrx_word' id='word_1_102' title='bbox 415 1675 529 1734; x_wconf 84' lang='lat' dir='ltr'>Primus</span> <span class='ocrx_word' id='word_1_103' title='bbox 552 1681 609 1750; x_wconf 84' lang='lat' dir='ltr'><strong>est,</strong></span> <span class='ocrx_word' id='word_1_104' title='bbox 636 1681 668 1734; x_wconf 92' lang='lat' dir='ltr'><strong>ut</strong></span> <span class='ocrx_word' id='word_1_105' title='bbox 686 1673 819 1734; x_wconf 78' lang='lat' dir='ltr'><strong>iacienda</strong></span> <span class='ocrx_word' id='word_1_106' title='bbox 841 1679 870 1733; x_wconf 88' lang='lat' dir='ltr'><strong>et</strong></span> <span class='ocrx_word' id='word_1_107' title='bbox 889 1674 1048 1734; x_wconf 87' lang='lat' dir='ltr'><strong>omittenda</strong></span> <span class='ocrx_word' id='word_1_108' title='bbox 1066 1675 1181 1748; x_wconf 87' lang='lat' dir='ltr'><strong>doceat,</strong></span> <span class='ocrx_word' id='word_1_109' title='bbox 1205 1675 1331 1734; x_wconf 84' lang='lat' dir='ltr'><strong>Roman.</strong></span> <span class='ocrx_word' id='word_1_110' title='bbox 1350 1671 1394 1730; x_wconf 81' lang='lat'><strong>15.</strong></span> 
     </span>
     <span class='ocr_line' id='line_1_13' title="bbox 228 1777 1397 1856; baseline -0.007 -15"><span class='ocrx_word' id='word_1_111' title='bbox 228 1781 311 1842; x_wconf 73' lang='lat' dir='ltr'><strong>diter</strong></span> <span class='ocrx_word' id='word_1_112' title='bbox 325 1785 358 1840; x_wconf 92' lang='lat' dir='ltr'><strong>ut</strong></span> <span class='ocrx_word' id='word_1_113' title='bbox 372 1785 496 1856; x_wconf 85' lang='lat' dir='ltr'><strong>moneat,</strong></span> <span class='ocrx_word' id='word_1_114' title='bbox 513 1780 647 1854; x_wconf 86' lang='lat' dir='ltr'><strong>aquibus</strong></span> <span class='ocrx_word' id='word_1_115' title='bbox 663 1779 745 1839; x_wconf 89' lang='lat' dir='ltr'><strong>nobis</strong></span> <span class='ocrx_word' id='word_1_116' title='bbox 760 1794 911 1838; x_wconf 73' lang='lat' dir='ltr'><strong>caueamus</strong></span> <span class='ocrx_word' id='word_1_117' title='bbox 922 1784 976 1838; x_wconf 88' lang='lat' dir='ltr'><strong>etc.</strong></span> <span class='ocrx_word' id='word_1_118' title='bbox 1000 1779 1044 1839; x_wconf 87' lang='lat' dir='ltr'><strong>De</strong></span> <span class='ocrx_word' id='word_1_119' title='bbox 1059 1777 1292 1854; x_wconf 71' lang='lat' dir='ltr'><strong>precedentibus</strong></span> <span class='ocrx_word' id='word_1_120' title='bbox 1307 1777 1337 1835; x_wconf 92' lang='lat' dir='ltr'><strong>in</strong></span> <span class='ocrx_word' id='word_1_121' title='bbox 1351 1791 1397 1834; x_wconf 81' lang='lat' dir='ltr'><strong>ex·</strong></span> 
     </span>
     <span class='ocr_line' id='line_1_14' title="bbox 226 1872 1395 1962; baseline -0.005 -16"><span class='ocrx_word' id='word_1_122' title='bbox 226 1886 368 1962; x_wconf 80' lang='lat' dir='ltr'><strong>positione</strong></span> <span class='ocrx_word' id='word_1_123' title='bbox 383 1887 513 1960; x_wconf 84' lang='lat' dir='ltr'><strong>proximu</strong></span> <span class='ocrx_word' id='word_1_124' title='bbox 528 1885 688 1959; x_wconf 75' lang='lat' dir='ltr'><strong>audivistis,</strong></span> <span class='ocrx_word' id='word_1_125' title='bbox 705 1883 847 1958; x_wconf 90' lang='lat' dir='ltr'><strong>quomodo</strong></span> <span class='ocrx_word' id='word_1_126' title='bbox 860 1872 1017 1960; x_wconf 64' lang='lat' dir='ltr'><strong>&#39;discipulos</strong></span> <span class='ocrx_word' id='word_1_127' title='bbox 1039 1885 1076 1944; x_wconf 87' lang='lat' dir='ltr'><strong>ad</strong></span> <span class='ocrx_word' id='word_1_128' title='bbox 1095 1885 1251 1944; x_wconf 86' lang='lat' dir='ltr'><strong>instantem</strong></span> <span class='ocrx_word' id='word_1_129' title='bbox 1267 1897 1395 1957; x_wconf 85' lang='lat' dir='ltr'><strong>persecu·</strong></span> 
     </span>
     <span class='ocr_line' id='line_1_15' title="bbox 227 1972 1395 2064; baseline -0.007 -12"><span class='ocrx_word' id='word_1_130' title='bbox 227 1993 334 2052; x_wconf 89' lang='lat' dir='ltr'><strong>tionem</strong></span> <span class='ocrx_word' id='word_1_131' title='bbox 349 1991 482 2052; x_wconf 89' lang='lat' dir='ltr'><strong>dominus</strong></span> <span class='ocrx_word' id='word_1_132' title='bbox 501 1989 708 2051; x_wconf 85' lang='lat' dir='ltr'><strong>commonuerit</strong></span> <span class='ocrx_word' id='word_1_133' title='bbox 726 1994 756 2047; x_wconf 91' lang='lat' dir='ltr'><strong>ct</strong></span> <span class='ocrx_word' id='word_1_134' title='bbox 776 1989 981 2050; x_wconf 71' lang='lat' dir='ltr'><strong>beatitudinem</strong></span> <span class='ocrx_word' id='word_1_135' title='bbox 1001 1991 1075 2050; x_wconf 88' lang='lat' dir='ltr'><strong>hanc</strong></span> <span class='ocrx_word' id='word_1_136' title='bbox 1089 1972 1272 2064; x_wconf 82' lang='lat' dir='ltr'><strong>paupertatis</strong></span> <span class='ocrx_word' id='word_1_137' title='bbox 1291 2003 1349 2046; x_wconf 89' lang='lat' dir='ltr'><strong>non</strong></span> <span class='ocrx_word' id='word_1_138' title='bbox 1362 1985 1395 2045; x_wconf 87' lang='lat' dir='ltr'><strong>dc</strong></span> 
     </span>
     <span class='ocr_line' id='line_1_16' title="bbox 224 2093 1395 2171; baseline -0.008 -14"><span class='ocrx_word' id='word_1_139' title='bbox 224 2112 313 2170; x_wconf 86' lang='lat' dir='ltr'><strong>opum</strong></span> <span class='ocrx_word' id='word_1_140' title='bbox 328 2097 464 2171; x_wconf 80' lang='lat' dir='ltr'><strong>carenda,</strong></span> <span class='ocrx_word' id='word_1_141' title='bbox 481 2094 530 2155; x_wconf 87' lang='lat' dir='ltr'><strong>sed</strong></span> <span class='ocrx_word' id='word_1_142' title='bbox 547 2095 583 2155; x_wconf 87' lang='lat' dir='ltr'><strong>de</strong></span> <span class='ocrx_word' id='word_1_143' title='bbox 599 2094 715 2169; x_wconf 84' lang='lat' dir='ltr'><strong>spiritus</strong></span> <span class='ocrx_word' id='word_1_144' title='bbox 730 2093 917 2153; x_wconf 88' lang='lat' dir='ltr'><strong>submissione</strong></span> <span class='ocrx_word' id='word_1_145' title='bbox 932 2094 1063 2169; x_wconf 77' lang='lat' dir='ltr'><strong>intelligi.</strong></span> <span class='ocrx_word' id='word_1_146' title='bbox 1088 2093 1135 2154; x_wconf 84' lang='lat' dir='ltr'><strong>Sic</strong></span> <span class='ocrx_word' id='word_1_147' title='bbox 1150 2110 1268 2170; x_wconf 87' lang='lat' dir='ltr'><strong>quoquc</strong></span> <span class='ocrx_word' id='word_1_148' title='bbox 1283 2093 1329 2151; x_wconf 90' lang='lat' dir='ltr'><strong>hic</strong></span> <span class='ocrx_word' id='word_1_149' title='bbox 1342 2106 1395 2149; x_wconf 90' lang='lat' dir='ltr'><strong>non</strong></span> 
     </span>
     <span class='ocr_line' id='line_1_17' title="bbox 229 2194 1393 2274; baseline -0.007 -12"><span class='ocrx_word' id='word_1_150' title='bbox 229 2201 266 2262; x_wconf 90' lang='lat' dir='ltr'><strong>de</strong></span> <span class='ocrx_word' id='word_1_151' title='bbox 281 2202 349 2264; x_wconf 89' lang='lat' dir='ltr'><strong>solis</strong></span> <span class='ocrx_word' id='word_1_152' title='bbox 366 2201 500 2262; x_wconf 88' lang='lat' dir='ltr'><strong>divitibus</strong></span> <span class='ocrx_word' id='word_1_153' title='bbox 518 2201 602 2274; x_wconf 85' lang='lat' dir='ltr'><strong>juxte</strong></span> <span class='ocrx_word' id='word_1_154' title='bbox 621 2215 726 2259; x_wconf 89' lang='lat' dir='ltr'><strong>nomen</strong></span> <span class='ocrx_word' id='word_1_155' title='bbox 748 2199 887 2274; x_wconf 79' lang='lat' dir='ltr'><strong>loquitur,</strong></span> <span class='ocrx_word' id='word_1_156' title='bbox 910 2199 960 2258; x_wconf 86' lang='lat' dir='ltr'><strong>sed</strong></span> <span class='ocrx_word' id='word_1_157' title='bbox 980 2206 1010 2259; x_wconf 90' lang='lat' dir='ltr'><strong>et</strong></span> <span class='ocrx_word' id='word_1_158' title='bbox 1031 2200 1197 2259; x_wconf 80' lang='lat' dir='ltr'><strong>desecnris</strong></span> <span class='ocrx_word' id='word_1_159' title='bbox 1222 2194 1393 2272; x_wconf 85' lang='lat' dir='ltr'><strong>etunperbis</strong></span> 
     </span>
     <span class='ocr_line' id='line_1_18' title="bbox 226 2283 1393 2381; baseline -0.006 -15"><span class='ocrx_word' id='word_1_160' title='bbox 226 2307 331 2381; x_wconf 85' lang='lat' dir='ltr'><strong>spiritu</strong></span> <span class='ocrx_word' id='word_1_161' title='bbox 345 2311 399 2365; x_wconf 84' lang='lat' dir='ltr'><strong>ete.</strong></span> <span class='ocrx_word' id='word_1_162' title='bbox 424 2306 482 2366; x_wconf 82' lang='lat' dir='ltr'><strong>Sed</strong></span> <span class='ocrx_word' id='word_1_163' title='bbox 497 2283 661 2378; x_wconf 42' lang='lat' dir='ltr'><strong>videamusp</strong></span> <span class='ocrx_word' id='word_1_164' title='bbox 670 2305 771 2378; x_wconf 90' lang='lat' dir='ltr'><strong>inquit,</strong></span> <span class='ocrx_word' id='word_1_165' title='bbox 786 2305 849 2362; x_wconf 85' lang='lat' dir='ltr'><strong>bueo</strong></span> <span class='ocrx_word' id='word_1_166' title='bbox 864 2298 996 2379; x_wconf 79' lang='lat' dir='ltr'><strong>quatuor.</strong></span> <span class='ocrx_word' id='word_1_167' title='bbox 1027 2305 1157 2364; x_wconf 85' lang='lat' dir='ltr'><strong>Primum</strong></span> <span class='ocrx_word' id='word_1_168' title='bbox 1170 2320 1214 2362; x_wconf 85' lang='lat' dir='ltr'><strong>uae</strong></span> <span class='ocrx_word' id='word_1_169' title='bbox 1230 2303 1313 2365; x_wconf 82' lang='lat' dir='ltr'><strong>vobis</strong></span> <span class='ocrx_word' id='word_1_170' title='bbox 1328 2300 1393 2361; x_wconf 85' lang='lat' dir='ltr'><strong>divi-</strong></span> 
     </span>
     <span class='ocr_line' id='line_1_19' title="bbox 227 2407 1394 2484; baseline -0.008 -13"><span class='ocrx_word' id='word_1_171' title='bbox 227 2411 313 2475; x_wconf 83' lang='lat' dir='ltr'><strong>tibus.</strong></span> <span class='ocrx_word' id='word_1_172' title='bbox 337 2410 447 2472; x_wconf 85' lang='lat' dir='ltr'><strong>Vocula</strong></span> <span class='ocrx_word' id='word_1_173' title='bbox 461 2425 515 2484; x_wconf 78' lang='lat' dir='ltr'><strong>um,</strong></span> <span class='ocrx_word' id='word_1_174' title='bbox 532 2407 648 2468; x_wconf 87' lang='lat' dir='ltr'><strong>euidens</strong></span> <span class='ocrx_word' id='word_1_175' title='bbox 663 2413 854 2469; x_wconf 82' lang='lat' dir='ltr'><strong>aerumnarum</strong></span> <span class='ocrx_word' id='word_1_176' title='bbox 870 2415 899 2470; x_wconf 85' lang='lat' dir='ltr'><strong>et</strong></span> <span class='ocrx_word' id='word_1_177' title='bbox 913 2409 1083 2484; x_wconf 86' lang='lat' dir='ltr'><strong>perditionis</strong></span> <span class='ocrx_word' id='word_1_178' title='bbox 1098 2409 1284 2470; x_wconf 88' lang='lat' dir='ltr'><strong>comminatio</strong></span> <span class='ocrx_word' id='word_1_179' title='bbox 1299 2411 1350 2480; x_wconf 88' lang='lat' dir='ltr'><strong>est,</strong></span> <span class='ocrx_word' id='word_1_180' title='bbox 1364 2409 1394 2463; x_wconf 92' lang='lat' dir='ltr'><strong>ut</strong></span> 
     </span>
     <span class='ocr_line' id='line_1_20' title="bbox 226 2514 1393 2598; baseline -0.004 -24"><span class='ocrx_word' id='word_1_181' title='bbox 226 2515 334 2590; x_wconf 88' lang='lat' dir='ltr'><strong>passim</strong></span> <span class='ocrx_word' id='word_1_182' title='bbox 358 2515 388 2573; x_wconf 91' lang='lat' dir='ltr'><strong>in</strong></span> <span class='ocrx_word' id='word_1_183' title='bbox 408 2515 556 2590; x_wconf 87' lang='lat' dir='ltr'><strong>scripturis</strong></span> <span class='ocrx_word' id='word_1_184' title='bbox 575 2514 763 2598; x_wconf 79' lang='lat' dir='ltr'><strong>uidere-licet</strong></span> <span class='ocrx_word' id='word_1_185' title='bbox 782 2522 835 2575; x_wconf 89' lang='lat' dir='ltr'><strong>etc.</strong></span> <span class='ocrx_word' id='word_1_186' title='bbox 876 2516 950 2588; x_wconf 75' lang='lat' dir='ltr'><strong>Quia</strong></span> <span class='ocrx_word' id='word_1_187' title='bbox 968 2515 1015 2574; x_wconf 90' lang='lat' dir='ltr'><strong>hic</strong></span> <span class='ocrx_word' id='word_1_188' title='bbox 1034 2516 1261 2574; x_wconf 84' lang='lat' dir='ltr'><strong>consolationem</strong></span> <span class='ocrx_word' id='word_1_189' title='bbox 1275 2515 1393 2574; x_wconf 84' lang='lat' dir='ltr'><strong>uestram</strong></span> 
     </span>
     <span class='ocr_line' id='line_1_21' title="bbox 227 2599 1392 2700; baseline -0.004 -22"><span class='ocrx_word' id='word_1_190' title='bbox 227 2619 340 2680; x_wconf 85' lang='lat' dir='ltr'><strong>bebetis</strong></span> <span class='ocrx_word' id='word_1_191' title='bbox 355 2624 410 2700; x_wconf 88' lang='lat' dir='ltr'><strong>etc.</strong></span> <span class='ocrx_word' id='word_1_192' title='bbox 434 2619 501 2678; x_wconf 82' lang='lat' dir='ltr'><strong>Non</strong></span> <span class='ocrx_word' id='word_1_193' title='bbox 516 2620 592 2692; x_wconf 90' lang='lat' dir='ltr'><strong>quod</strong></span> <span class='ocrx_word' id='word_1_194' title='bbox 607 2635 669 2679; x_wconf 86' lang='lat' dir='ltr'><strong>esse</strong></span> <span class='ocrx_word' id='word_1_195' title='bbox 685 2619 801 2679; x_wconf 87' lang='lat' dir='ltr'><strong>divitem</strong></span> <span class='ocrx_word' id='word_1_196' title='bbox 816 2599 966 2694; x_wconf 84' lang='lat' dir='ltr'><strong>peccatum</strong></span> <span class='ocrx_word' id='word_1_197' title='bbox 980 2621 1026 2694; x_wconf 88' lang='lat' dir='ltr'><strong>sit,</strong></span> <span class='ocrx_word' id='word_1_198' title='bbox 1050 2636 1113 2679; x_wconf 86' lang='lat' dir='ltr'><strong>cum</strong></span> <span class='ocrx_word' id='word_1_199' title='bbox 1128 2620 1210 2678; x_wconf 92' lang='lat' dir='ltr'><strong>multi</strong></span> <span class='ocrx_word' id='word_1_200' title='bbox 1225 2615 1392 2694; x_wconf 76' lang='lat' dir='ltr'><strong>patriarche</strong></span> 
     </span>
     <span class='ocr_line' id='line_1_22' title="bbox 224 2712 1392 2800; baseline -0.009 -14"><span class='ocrx_word' id='word_1_201' title='bbox 224 2725 383 2800; x_wconf 49' lang='lat' dir='ltr'><strong>¹Abraham,</strong></span> <span class='ocrx_word' id='word_1_202' title='bbox 399 2725 490 2798; x_wconf 84' lang='lat' dir='ltr'><strong>Isaeo,</strong></span> <span class='ocrx_word' id='word_1_203' title='bbox 506 2712 583 2784; x_wconf 90' lang='lat' dir='ltr'><strong>Hiob</strong></span> <span class='ocrx_word' id='word_1_204' title='bbox 597 2739 650 2784; x_wconf 88' lang='lat' dir='ltr'><strong>nec</strong></span> <span class='ocrx_word' id='word_1_205' title='bbox 665 2739 723 2782; x_wconf 91' lang='lat' dir='ltr'><strong>non</strong></span> <span class='ocrx_word' id='word_1_206' title='bbox 738 2733 768 2782; x_wconf 90' lang='lat' dir='ltr'><strong>et</strong></span> <span class='ocrx_word' id='word_1_207' title='bbox 783 2724 858 2784; x_wconf 87' lang='lat' dir='ltr'><strong>Loth</strong></span> <span class='ocrx_word' id='word_1_208' title='bbox 882 2725 997 2784; x_wconf 85' lang='lat' dir='ltr'><strong>divitius</strong></span> <span class='ocrx_word' id='word_1_209' title='bbox 1012 2723 1209 2797; x_wconf 86' lang='lat' dir='ltr'><strong>possederunt,</strong></span> <span class='ocrx_word' id='word_1_210' title='bbox 1249 2721 1301 2782; x_wconf 88' lang='lat' dir='ltr'><strong>sed</strong></span> <span class='ocrx_word' id='word_1_211' title='bbox 1322 2717 1392 2794; x_wconf 87' lang='lat' dir='ltr'><strong>quod</strong></span> 
     </span>
     <span class='ocr_line' id='line_1_23' title="bbox 228 2815 1390 2894; baseline -0.006 -4"><span class='ocrx_word' id='word_1_212' title='bbox 228 2829 337 2890; x_wconf 80' lang='lat' dir='ltr'><strong>diuites</strong></span> <span class='ocrx_word' id='word_1_213' title='bbox 347 2825 442 2890; x_wconf 89' lang='lat' dir='ltr'><strong>animo</strong></span> <span class='ocrx_word' id='word_1_214' title='bbox 457 2830 526 2890; x_wconf 86' lang='lat' dir='ltr'><strong>elati</strong></span> <span class='ocrx_word' id='word_1_215' title='bbox 540 2830 631 2890; x_wconf 88' lang='lat' dir='ltr'><strong>solum</strong></span> <span class='ocrx_word' id='word_1_216' title='bbox 646 2815 812 2889; x_wconf 77' lang='lat' dir='ltr'><strong>mammone</strong></span> <span class='ocrx_word' id='word_1_217' title='bbox 836 2830 1016 2890; x_wconf 77' lang='lat' dir='ltr'><strong>adherentes</strong></span> <span class='ocrx_word' id='word_1_218' title='bbox 1032 2837 1061 2890; x_wconf 89' lang='lat' dir='ltr'><strong>ct</strong></span> <span class='ocrx_word' id='word_1_219' title='bbox 1075 2828 1157 2889; x_wconf 88' lang='lat' dir='ltr'><strong>donis</strong></span> <span class='ocrx_word' id='word_1_220' title='bbox 1169 2828 1217 2888; x_wconf 89' lang='lat' dir='ltr'><strong>dei</strong></span> <span class='ocrx_word' id='word_1_221' title='bbox 1230 2828 1390 2894; x_wconf 81' lang='lat' dir='ltr'><strong>abutuntur,</strong></span> 
     </span>
     <span class='ocr_line' id='line_1_24' title="bbox 224 2925 1389 3012; baseline -0.008 -16"><span class='ocrx_word' id='word_1_222' title='bbox 224 2934 366 3012; x_wconf 79' lang='lat' dir='ltr'><strong>neglectis</strong></span> <span class='ocrx_word' id='word_1_223' title='bbox 382 2935 470 2995; x_wconf 84' lang='lat' dir='ltr'><strong>verbo</strong></span> <span class='ocrx_word' id='word_1_224' title='bbox 483 2935 542 2994; x_wconf 72' lang='lat' dir='ltr'><strong>rdei</strong></span> <span class='ocrx_word' id='word_1_225' title='bbox 556 2942 585 2995; x_wconf 89' lang='lat' dir='ltr'><strong>et</strong></span> <span class='ocrx_word' id='word_1_226' title='bbox 598 2931 782 3011; x_wconf 75' lang='lat' dir='ltr'><strong>pauperibus,</strong></span> <span class='ocrx_word' id='word_1_227' title='bbox 806 2940 836 2994; x_wconf 91' lang='lat' dir='ltr'><strong>et</strong></span> <span class='ocrx_word' id='word_1_228' title='bbox 858 2951 987 2994; x_wconf 90' lang='lat' dir='ltr'><strong>normam</strong></span> <span class='ocrx_word' id='word_1_229' title='bbox 1001 2933 1119 2994; x_wconf 86' lang='lat' dir='ltr'><strong>Davidis</strong></span> <span class='ocrx_word' id='word_1_230' title='bbox 1130 2951 1148 2990; x_wconf 91' lang='lat'><strong>:·</strong></span> <span class='ocrx_word' id='word_1_231' title='bbox 1162 2931 1301 2993; x_wconf 82' lang='lat' dir='ltr'><strong>»Divitiae</strong></span> <span class='ocrx_word' id='word_1_232' title='bbox 1315 2931 1338 2988; x_wconf 89' lang='lat' dir='ltr'><strong>si</strong></span> <span class='ocrx_word' id='word_1_233' title='bbox 1352 2925 1389 2987; x_wconf 84' lang='lat' dir='ltr'><strong>ui-</strong></span> 
     </span>
     <span class='ocr_line' id='line_1_25' title="bbox 219 3038 1391 3128; baseline -0.008 -26"><span class='ocrx_word' id='word_1_234' title='bbox 219 3041 330 3128; x_wconf 73' lang='lat' dir='ltr'><strong>duunt,</strong></span> <span class='ocrx_word' id='word_1_235' title='bbox 346 3041 435 3102; x_wconf 86' lang='lat' dir='ltr'><strong>nolite</strong></span> <span class='ocrx_word' id='word_1_236' title='bbox 450 3056 499 3100; x_wconf 87' lang='lat' dir='ltr'><strong>cor</strong></span> <span class='ocrx_word' id='word_1_237' title='bbox 513 3057 691 3126; x_wconf 63' lang='lat' dir='ltr'><strong>epponem,</strong></span> <span class='ocrx_word' id='word_1_238' title='bbox 707 3056 764 3099; x_wconf 91' lang='lat' dir='ltr'><strong>non</strong></span> <span class='ocrx_word' id='word_1_239' title='bbox 780 3046 949 3113; x_wconf 85' lang='lat' dir='ltr'><strong>sequuntur.</strong></span> <span class='ocrx_word' id='word_1_240' title='bbox 980 3041 1055 3100; x_wconf 88' lang='lat' dir='ltr'><strong>Nam</strong></span> <span class='ocrx_word' id='word_1_241' title='bbox 1069 3039 1115 3104; x_wconf 76' lang='lat' dir='ltr'><strong>hae</strong></span> <span class='ocrx_word' id='word_1_242' title='bbox 1130 3043 1197 3098; x_wconf 89' lang='lat' dir='ltr'><strong>sunt</strong></span> <span class='ocrx_word' id='word_1_243' title='bbox 1210 3038 1310 3113; x_wconf 75' lang='lat' dir='ltr'><strong>spine,</strong></span> <span class='ocrx_word' id='word_1_244' title='bbox 1327 3043 1391 3109; x_wconf 81' lang='lat' dir='ltr'><strong>quas</strong></span> 
     </span>
     <span class='ocr_line' id='line_1_26' title="bbox 229 3130 1388 3220; baseline -0.008 -13"><span class='ocrx_word' id='word_1_245' title='bbox 229 3148 360 3208; x_wconf 91' lang='lat' dir='ltr'><strong>dominus</strong></span> <span class='ocrx_word' id='word_1_246' title='bbox 375 3145 448 3206; x_wconf 84' lang='lat' dir='ltr'><strong>dixit</strong></span> <span class='ocrx_word' id='word_1_247' title='bbox 462 3130 600 3204; x_wconf 82' lang='lat' dir='ltr'><strong>suffocare</strong></span> <span class='ocrx_word' id='word_1_248' title='bbox 616 3161 721 3220; x_wconf 90' lang='lat' dir='ltr'><strong>semen,</strong></span> <span class='ocrx_word' id='word_1_249' title='bbox 738 3161 774 3204; x_wconf 88' lang='lat' dir='ltr'><strong>ne</strong></span> <span class='ocrx_word' id='word_1_250' title='bbox 790 3149 936 3206; x_wconf 86' lang='lat' dir='ltr'><strong>exoriatur</strong></span> <span class='ocrx_word' id='word_1_251' title='bbox 956 3152 986 3206; x_wconf 89' lang='lat' dir='ltr'><strong>et</strong></span> <span class='ocrx_word' id='word_1_252' title='bbox 1004 3145 1130 3206; x_wconf 86' lang='lat' dir='ltr'><strong>fructum</strong></span> <span class='ocrx_word' id='word_1_253' title='bbox 1142 3142 1226 3203; x_wconf 87' lang='lat' dir='ltr'><strong>ierat.</strong></span> <span class='ocrx_word' id='word_1_254' title='bbox 1266 3144 1305 3202; x_wconf 83' lang='lat' dir='ltr'><strong>Et</strong></span> <span class='ocrx_word' id='word_1_255' title='bbox 1318 3139 1388 3200; x_wconf 86' lang='lat' dir='ltr'><strong>simi·</strong></span> 
     </span>
     <span class='ocr_line' id='line_1_27' title="bbox 227 3247 1388 3325; baseline -0.006 -13"><span class='ocrx_word' id='word_1_256' title='bbox 227 3252 294 3312; x_wconf 83' lang='lat' dir='ltr'><strong>liter</strong></span> <span class='ocrx_word' id='word_1_257' title='bbox 317 3251 447 3310; x_wconf 88' lang='lat' dir='ltr'><strong>dominus</strong></span> <span class='ocrx_word' id='word_1_258' title='bbox 467 3251 522 3325; x_wconf 89' lang='lat' dir='ltr'><strong>ait,</strong></span> <span class='ocrx_word' id='word_1_259' title='bbox 553 3249 664 3310; x_wconf 79' lang='lat' dir='ltr'><strong>facibus</strong></span> <span class='ocrx_word' id='word_1_260' title='bbox 691 3266 752 3310; x_wconf 86' lang='lat' dir='ltr'><strong>csse</strong></span> <span class='ocrx_word' id='word_1_261' title='bbox 776 3252 916 3310; x_wconf 90' lang='lat' dir='ltr'><strong>camelum</strong></span> <span class='ocrx_word' id='word_1_262' title='bbox 941 3251 1146 3325; x_wconf 87' lang='lat' dir='ltr'><strong>perforamen</strong></span> <span class='ocrx_word' id='word_1_263' title='bbox 1170 3267 1238 3310; x_wconf 86' lang='lat' dir='ltr'><strong>ecus</strong></span> <span class='ocrx_word' id='word_1_264' title='bbox 1262 3247 1388 3316; x_wconf 85' lang='lat' dir='ltr'><strong>transire,</strong></span> 
     </span>
     <span class='ocr_line' id='line_1_28' title="bbox 228 3345 1389 3431; baseline -0.004 -14"><span class='ocrx_word' id='word_1_265' title='bbox 228 3373 314 3431; x_wconf 88' lang='lat' dir='ltr'><strong>quam</strong></span> <span class='ocrx_word' id='word_1_266' title='bbox 329 3356 446 3414; x_wconf 84' lang='lat' dir='ltr'><strong>diuitem</strong></span> <span class='ocrx_word' id='word_1_267' title='bbox 460 3357 491 3412; x_wconf 93' lang='lat' dir='ltr'><strong>in</strong></span> <span class='ocrx_word' id='word_1_268' title='bbox 505 3345 627 3428; x_wconf 78' lang='lat' dir='ltr'><strong>regnum</strong></span> <span class='ocrx_word' id='word_1_269' title='bbox 641 3357 779 3415; x_wconf 88' lang='lat' dir='ltr'><strong>coelorum</strong></span> <span class='ocrx_word' id='word_1_270' title='bbox 794 3357 912 3416; x_wconf 84' lang='lat' dir='ltr'><strong>intrare.</strong></span> <span class='ocrx_word' id='word_1_271' title='bbox 935 3357 1051 3416; x_wconf 88' lang='lat' dir='ltr'><strong>Habent</strong></span> <span class='ocrx_word' id='word_1_272' title='bbox 1065 3364 1161 3416; x_wconf 91' lang='lat' dir='ltr'><strong>autem</strong></span> <span class='ocrx_word' id='word_1_273' title='bbox 1177 3358 1281 3418; x_wconf 82' lang='lat' dir='ltr'><strong>diuites</strong></span> <span class='ocrx_word' id='word_1_274' title='bbox 1296 3365 1389 3414; x_wconf 85' lang='lat' dir='ltr'><strong>aurum</strong></span> 
     </span>
     <span class='ocr_line' id='line_1_29' title="bbox 228 3453 1388 3543; baseline 0.002 -22"><span class='ocrx_word' id='word_1_275' title='bbox 228 3466 356 3543; x_wconf 23' lang='lat' dir='ltr'><strong>suum-et</strong></span> <span class='ocrx_word' id='word_1_276' title='bbox 369 3459 522 3518; x_wconf 87' lang='lat' dir='ltr'><strong>emicorum</strong></span> <span class='ocrx_word' id='word_1_277' title='bbox 537 3461 745 3520; x_wconf 87' lang='lat' dir='ltr'><strong>multitudinem</strong></span> <span class='ocrx_word' id='word_1_278' title='bbox 762 3467 815 3520; x_wconf 89' lang='lat' dir='ltr'><strong>eto.</strong></span> <span class='ocrx_word' id='word_1_279' title='bbox 854 3455 1024 3522; x_wconf 79' lang='lat' dir='ltr'><strong>volentibus</strong></span> <span class='ocrx_word' id='word_1_280' title='bbox 1044 3468 1146 3521; x_wconf 87' lang='lat' dir='ltr'><strong>autem·</strong></span> <span class='ocrx_word' id='word_1_281' title='bbox 1159 3453 1241 3523; x_wconf 85' lang='lat' dir='ltr'><strong>nobis</strong></span> <span class='ocrx_word' id='word_1_282' title='bbox 1264 3479 1307 3536; x_wconf 85' lang='lat' dir='ltr'><strong>ca,</strong></span> <span class='ocrx_word' id='word_1_283' title='bbox 1331 3469 1388 3531; x_wconf 70' lang='lat' dir='ltr'><strong>(11¹ae</strong></span> 
     </span>
     <span class='ocr_line' id='line_1_30' title="bbox 227 3553 1388 3641; baseline -0.008 -13"><span class='ocrx_word' id='word_1_284' title='bbox 227 3569 257 3628; x_wconf 90' lang='lat' dir='ltr'><strong>in</strong></span> <span class='ocrx_word' id='word_1_285' title='bbox 276 3566 415 3626; x_wconf 89' lang='lat' dir='ltr'><strong>memoria</strong></span> <span class='ocrx_word' id='word_1_286' title='bbox 436 3553 619 3639; x_wconf 81' lang='lat' dir='ltr'><strong>tenebamus,</strong></span> <span class='ocrx_word' id='word_1_287' title='bbox 642 3564 689 3624; x_wconf 90' lang='lat' dir='ltr'><strong>hio</strong></span> <span class='ocrx_word' id='word_1_288' title='bbox 708 3566 865 3641; x_wconf 87' lang='lat' dir='ltr'><strong>ascribere,</strong></span> <span class='ocrx_word' id='word_1_289' title='bbox 888 3569 969 3626; x_wconf 87' lang='lat' dir='ltr'><strong>venit</strong></span> <span class='ocrx_word' id='word_1_290' title='bbox 981 3567 1108 3626; x_wconf 84' lang='lat' dir='ltr'><strong>Joannes</strong></span> <span class='ocrx_word' id='word_1_291' title='bbox 1123 3565 1277 3628; x_wconf 79' lang='lat' dir='ltr'><strong>(iniectans</strong></span> <span class='ocrx_word' id='word_1_292' title='bbox 1299 3565 1388 3625; x_wconf 85' lang='lat' dir='ltr'><strong>dicens</strong></span> 
     </span>
     <span class='ocr_line' id='line_1_31' title="bbox 226 3669 1389 3748; baseline -0.007 -14"><span class='ocrx_word' id='word_1_293' title='bbox 226 3672 304 3748; x_wconf 86' lang='lat' dir='ltr'><strong>quod</strong></span> <span class='ocrx_word' id='word_1_294' title='bbox 319 3687 385 3733; x_wconf 86' lang='lat' dir='ltr'><strong>mox</strong></span> <span class='ocrx_word' id='word_1_295' title='bbox 399 3671 418 3732; x_wconf 83' lang='lat' dir='ltr'><strong>a</strong></span> <span class='ocrx_word' id='word_1_296' title='bbox 432 3672 569 3731; x_wconf 87' lang='lat' dir='ltr'><strong>concione</strong></span> <span class='ocrx_word' id='word_1_297' title='bbox 584 3669 759 3731; x_wconf 83' lang='lat' dir='ltr'><strong>Werdenees</strong></span> <span class='ocrx_word' id='word_1_298' title='bbox 773 3671 1021 3732; x_wconf 89' lang='lat' dir='ltr'><strong>concionatoribus</strong></span> <span class='ocrx_word' id='word_1_299' title='bbox 1037 3672 1095 3730; x_wconf 87' lang='lat' dir='ltr'><strong>uuis</strong></span> <span class='ocrx_word' id='word_1_300' title='bbox 1111 3674 1226 3746; x_wconf 78' lang='lat' dir='ltr'><strong>granas</strong></span> <span class='ocrx_word' id='word_1_301' title='bbox 1235 3672 1346 3747; x_wconf 79' lang='lat' dir='ltr'><strong>egerint</strong></span> <span class='ocrx_word' id='word_1_302' title='bbox 1358 3681 1389 3726; x_wconf 77' lang='lat' dir='ltr'><strong>ae</strong></span> 
     </span>
     <span class='ocr_line' id='line_1_32' title="bbox 182 3769 1387 3852; baseline -0.004 -15"><span class='ocrx_word' id='word_1_303' title='bbox 182 3769 193 3776; x_wconf 80' lang='grc'><em>”</em></span> <span class='ocrx_word' id='word_1_304' title='bbox 226 3779 341 3838; x_wconf 86' lang='lat' dir='ltr'><strong>veniam</strong></span> <span class='ocrx_word' id='word_1_305' title='bbox 355 3775 480 3837; x_wconf 85' lang='lat' dir='ltr'><strong>abeundi</strong></span> <span class='ocrx_word' id='word_1_306' title='bbox 496 3777 698 3836; x_wconf 86' lang='lat' dir='ltr'><strong>concesserint.</strong></span> <span class='ocrx_word' id='word_1_307' title='bbox 738 3776 762 3836; x_wconf 91' lang='lat'>0</span> <span class='ocrx_word' id='word_1_308' title='bbox 777 3777 861 3835; x_wconf 87' lang='lat' dir='ltr'><strong>triste</strong></span> <span class='ocrx_word' id='word_1_309' title='bbox 876 3783 906 3835; x_wconf 89' lang='lat' dir='ltr'><strong>et</strong></span> <span class='ocrx_word' id='word_1_310' title='bbox 920 3777 1050 3836; x_wconf 89' lang='lat' dir='ltr'><strong>omnibus</strong></span> <span class='ocrx_word' id='word_1_311' title='bbox 1071 3777 1174 3836; x_wconf 90' lang='lat' dir='ltr'><strong>seculis</strong></span> <span class='ocrx_word' id='word_1_312' title='bbox 1189 3774 1387 3852; x_wconf 88' lang='lat' dir='ltr'><strong>deplorandum</strong></span> 
     </span>
     <span class='ocr_line' id='line_1_33' title="bbox 227 3870 1386 3960; baseline -0.002 -18"><span class='ocrx_word' id='word_1_313' title='bbox 227 3883 373 3942; x_wconf 78' lang='lat' dir='ltr'><strong>nuncium!</strong></span> <span class='ocrx_word' id='word_1_314' title='bbox 412 3885 472 3960; x_wconf 80' lang='lat' dir='ltr'><strong>Vm,</strong></span> <span class='ocrx_word' id='word_1_315' title='bbox 489 3899 542 3957; x_wconf 88' lang='lat' dir='ltr'><strong>vae,</strong></span> <span class='ocrx_word' id='word_1_316' title='bbox 557 3891 601 3942; x_wconf 75' lang='lat' dir='ltr'><strong>&#39;vce</strong></span> <span class='ocrx_word' id='word_1_317' title='bbox 616 3883 755 3957; x_wconf 86' lang='lat' dir='ltr'><strong>omnibus,</strong></span> <span class='ocrx_word' id='word_1_318' title='bbox 772 3883 821 3956; x_wconf 91' lang='lat' dir='ltr'><strong>qni</strong></span> <span class='ocrx_word' id='word_1_319' title='bbox 834 3880 937 3940; x_wconf 86' lang='lat' dir='ltr'><strong>horum</strong></span> <span class='ocrx_word' id='word_1_320' title='bbox 952 3883 1136 3950; x_wconf 85' lang='lat' dir='ltr'><strong>consiliorum</strong></span> <span class='ocrx_word' id='word_1_321' title='bbox 1150 3870 1386 3958; x_wconf 74' lang='lat' dir='ltr'><strong>penelopes-emt,</strong></span> 
     </span>
     <span class='ocr_line' id='line_1_34' title="bbox 228 3977 1386 4074; baseline -0.003 -27"><span class='ocrx_word' id='word_1_322' title='bbox 228 3993 257 4047; x_wconf 89' lang='lat' dir='ltr'><strong>et</strong></span> <span class='ocrx_word' id='word_1_323' title='bbox 271 3987 376 4047; x_wconf 90' lang='lat' dir='ltr'><strong>bouum</strong></span> <span class='ocrx_word' id='word_1_324' title='bbox 391 3989 460 4046; x_wconf 77' lang='lat' dir='ltr'><strong>nubi</strong></span> <span class='ocrx_word' id='word_1_325' title='bbox 475 3983 562 4062; x_wconf 75' lang='lat' dir='ltr'><strong>duco,&#39;</strong></span> <span class='ocrx_word' id='word_1_326' title='bbox 574 3989 652 4062; x_wconf 90' lang='lat' dir='ltr'><strong>quod</strong></span> <span class='ocrx_word' id='word_1_327' title='bbox 668 3988 738 4074; x_wconf 89' lang='lat' dir='ltr'><strong>deus</strong></span> <span class='ocrx_word' id='word_1_328' title='bbox 758 3991 930 4062; x_wconf 85' lang='lat' dir='ltr'><strong>postremam</strong></span> <span class='ocrx_word' id='word_1_329' title='bbox 939 3977 1104 4060; x_wconf 61' lang='lat' dir='ltr'><strong>‘hujus&#39;viri</strong></span> <span class='ocrx_word' id='word_1_330' title='bbox 1118 3988 1286 4046; x_wconf 87' lang='lat' dir='ltr'><strong>concionem</strong></span> <span class='ocrx_word' id='word_1_331' title='bbox 1296 3981 1386 4047; x_wconf 81' lang='lat' dir='ltr'><strong>andro</strong></span> 
     </span>
     <span class='ocr_line' id='line_1_35' title="bbox 226 4081 1385 4171; baseline -0.005 -19"><span class='ocrx_word' id='word_1_332' title='bbox 226 4093 347 4167; x_wconf 74' lang='lat' dir='ltr'><strong>largitus</strong></span> <span class='ocrx_word' id='word_1_333' title='bbox 363 4093 409 4150; x_wconf 87' lang='lat' dir='ltr'><strong>sit.</strong></span> <span class='ocrx_word' id='word_1_334' title='bbox 432 4093 479 4152; x_wconf 87' lang='lat' dir='ltr'><strong>En</strong></span> <span class='ocrx_word' id='word_1_335' title='bbox 493 4095 592 4154; x_wconf 81' lang='lat' dir='ltr'><strong>vocavi</strong></span> <span class='ocrx_word' id='word_1_336' title='bbox 606 4081 750 4171; x_wconf 79' lang='lat' dir='ltr'><strong>bominem</strong></span> <span class='ocrx_word' id='word_1_337' title='bbox 764 4091 802 4152; x_wconf 86' lang='lat' dir='ltr'><strong>ed</strong></span> <span class='ocrx_word' id='word_1_338' title='bbox 812 4092 974 4166; x_wconf 83' lang='lat' dir='ltr'><strong>prandium.</strong></span> <span class='ocrx_word' id='word_1_339' title='bbox 998 4093 1037 4150; x_wconf 84' lang='lat' dir='ltr'><strong>Et</strong></span> <span class='ocrx_word' id='word_1_340' title='bbox 1051 4093 1127 4150; x_wconf 87' lang='lat' dir='ltr'><strong>inter</strong></span> <span class='ocrx_word' id='word_1_341' title='bbox 1142 4093 1313 4166; x_wconf 88' lang='lat' dir='ltr'><strong>concionem,</strong></span> <span class='ocrx_word' id='word_1_342' title='bbox 1329 4100 1385 4162; x_wconf 77' lang='lat' dir='ltr'><strong>que</strong></span> 
     </span>
    </p>
   </div>
   <div class='ocr_carea' id='block_1_3' title="bbox 227 4189 1481 4270">
    <p class='ocr_par' dir='ltr' id='par_1_4' title="bbox 227 4189 1481 4270">
     <span class='ocr_line' id='line_1_36' title="bbox 227 4189 1481 4270; baseline -0.005 -15"><span class='ocrx_word' id='word_1_343' title='bbox 227 4200 309 4256; x_wconf 87' lang='lat' dir='ltr'><strong>sexta</strong></span> <span class='ocrx_word' id='word_1_344' title='bbox 323 4194 405 4255; x_wconf 88' lang='lat' dir='ltr'><strong>finita</strong></span> <span class='ocrx_word' id='word_1_345' title='bbox 420 4203 492 4269; x_wconf 81' lang='lat' dir='ltr'><strong>eret,</strong></span> <span class='ocrx_word' id='word_1_346' title='bbox 517 4202 546 4256; x_wconf 90' lang='lat' dir='ltr'><strong>et</strong></span> <span class='ocrx_word' id='word_1_347' title='bbox 561 4197 737 4257; x_wconf 89' lang='lat' dir='ltr'><strong>undecimam</strong></span> <span class='ocrx_word' id='word_1_348' title='bbox 751 4197 814 4256; x_wconf 88' lang='lat' dir='ltr'><strong>baec</strong></span> <span class='ocrx_word' id='word_1_349' title='bbox 828 4199 1012 4258; x_wconf 90' lang='lat' dir='ltr'><strong>intercidunt.</strong></span> <span class='ocrx_word' id='word_1_350' title='bbox 1037 4197 1235 4270; x_wconf 79' lang='lat' dir='ltr'><strong>Speraba&#39;ntur</strong></span> <span class='ocrx_word' id='word_1_351' title='bbox 1249 4203 1342 4258; x_wconf 89' lang='lat' dir='ltr'><strong>autem</strong></span> <span class='ocrx_word' id='word_1_352' title='bbox 1354 4189 1385 4250; x_wconf 86' lang='lat' dir='ltr'><strong>de</strong></span> <span class='ocrx_word' id='word_1_353' title='bbox 1476 4197 1481 4218; x_wconf 78' lang='grc'><strong>“</strong></span> 
     </span>
    </p>
   </div>
   <div class='ocr_carea' id='block_1_4' title="bbox 226 4292 1385 4588">
    <p class='ocr_par' dir='ltr' id='par_1_5' title="bbox 226 4292 1385 4588">
     <span class='ocr_line' id='line_1_37' title="bbox 226 4292 1385 4376; baseline -0.007 -15"><span class='ocrx_word' id='word_1_354' title='bbox 226 4317 317 4366; x_wconf 82' lang='lat' dir='ltr'><strong>manu·</strong></span> <span class='ocrx_word' id='word_1_355' title='bbox 330 4300 437 4360; x_wconf 88' lang='lat' dir='ltr'><strong>domimi</strong></span> <span class='ocrx_word' id='word_1_356' title='bbox 451 4301 579 4361; x_wconf 86' lang='lat' dir='ltr'><strong>meliora.</strong></span> <span class='ocrx_word' id='word_1_357' title='bbox 603 4303 700 4362; x_wconf 88' lang='lat' dir='ltr'><strong>Bonus</strong></span> <span class='ocrx_word' id='word_1_358' title='bbox 714 4303 761 4361; x_wconf 90' lang='lat' dir='ltr'><strong>hio</strong></span> <span class='ocrx_word' id='word_1_359' title='bbox 776 4309 805 4361; x_wconf 89' lang='lat' dir='ltr'><strong>et</strong></span> <span class='ocrx_word' id='word_1_360' title='bbox 820 4301 930 4376; x_wconf 86' lang='lat' dir='ltr'><strong>doctus,</strong></span> <span class='ocrx_word' id='word_1_361' title='bbox 950 4302 1032 4374; x_wconf 86' lang='lat' dir='ltr'><strong>quasi</strong></span> <span class='ocrx_word' id='word_1_362' title='bbox 1046 4302 1157 4360; x_wconf 86' lang='lat' dir='ltr'><strong>unimus</strong></span> <span class='ocrx_word' id='word_1_363' title='bbox 1173 4301 1241 4374; x_wconf 89' lang='lat' dir='ltr'><strong>quid</strong></span> <span class='ocrx_word' id='word_1_364' title='bbox 1258 4292 1385 4376; x_wconf 80' lang='lat' dir='ltr'><strong>ejusmodi</strong></span> 
     </span>
     <span class='ocr_line' id='line_1_38' title="bbox 226 4399 1384 4504; baseline -0.006 -36"><span class='ocrx_word' id='word_1_365' title='bbox 226 4408 411 4484; x_wconf 73' lang='lat' dir='ltr'><strong>praesagiret·</strong></span> <span class='ocrx_word' id='word_1_366' title='bbox 422 4405 498 4504; x_wconf 84' lang='lat' dir='ltr'><strong>inter</strong></span> <span class='ocrx_word' id='word_1_367' title='bbox 513 4407 737 4474; x_wconf 87' lang='lat' dir='ltr'><strong>concionandum</strong></span> <span class='ocrx_word' id='word_1_368' title='bbox 754 4399 841 4480; x_wconf 57' lang='lat' dir='ltr'><strong>dixit*</strong></span> <span class='ocrx_word' id='word_1_369' title='bbox 850 4405 954 4466; x_wconf 86' lang='lat' dir='ltr'><strong>divites</strong></span> <span class='ocrx_word' id='word_1_370' title='bbox 969 4407 1065 4465; x_wconf 92' lang='lat' dir='ltr'><strong>omnia</strong></span> <span class='ocrx_word' id='word_1_371' title='bbox 1079 4403 1118 4466; x_wconf 86' lang='lat' dir='ltr'><strong>ad</strong></span> <span class='ocrx_word' id='word_1_372' title='bbox 1132 4422 1211 4481; x_wconf 87' lang='lat' dir='ltr'><strong>opes,</strong></span> <span class='ocrx_word' id='word_1_373' title='bbox 1235 4407 1384 4480; x_wconf 80' lang='lat' dir='ltr'><strong>voluptates</strong></span> 
     </span>
     <span class='ocr_line' id='line_1_39' title="bbox 229 4506 1383 4588; baseline -0.006 -16"><span class='ocrx_word' id='word_1_374' title='bbox 229 4520 258 4574; x_wconf 85' lang='lat' dir='ltr'><strong>et</strong></span> <span class='ocrx_word' id='word_1_375' title='bbox 273 4513 495 4576; x_wconf 87' lang='lat' dir='ltr'><strong>nomenbonnm</strong></span> <span class='ocrx_word' id='word_1_376' title='bbox 510 4513 574 4572; x_wconf 84' lang='lat' dir='ltr'><strong>eive·</strong></span> <span class='ocrx_word' id='word_1_377' title='bbox 584 4527 637 4588; x_wconf 86' lang='lat' dir='ltr'><strong>per</strong></span> <span class='ocrx_word' id='word_1_378' title='bbox 651 4511 695 4572; x_wconf 86' lang='lat' dir='ltr'><strong>ias</strong></span> <span class='ocrx_word' id='word_1_379' title='bbox 708 4513 773 4572; x_wconf 83' lang='lat' dir='ltr'><strong>sive·</strong></span> <span class='ocrx_word' id='word_1_380' title='bbox 782 4509 863 4571; x_wconf 82' lang='lat' dir='ltr'><strong>netas</strong></span> <span class='ocrx_word' id='word_1_381' title='bbox 878 4506 1110 4588; x_wconf 85' lang='lat' dir='ltr'><strong>consequendum</strong></span> <span class='ocrx_word' id='word_1_382' title='bbox 1124 4509 1255 4572; x_wconf 80' lang='lat' dir='ltr'><strong>referunt</strong></span> <span class='ocrx_word' id='word_1_383' title='bbox 1268 4516 1300 4573; x_wconf 82' lang='lat' dir='ltr'><strong>et</strong></span> <span class='ocrx_word' id='word_1_384' title='bbox 1311 4510 1383 4581; x_wconf 84' lang='lat' dir='ltr'><strong>siqua</strong></span> 
     </span>
    </p>
   </div>
   <div class='ocr_carea' id='block_1_5' title="bbox 0 0 1514 5112">
    <p class='ocr_par' dir='ltr' id='par_1_6' title="bbox 0 0 1514 5112">
     <span class='ocr_line' id='line_1_40' title="bbox 0 0 1514 5112; baseline 0 2"><span class='ocrx_word' id='word_1_385' title='bbox 0 0 1514 5112; x_wconf 95' lang='lat' dir='ltr'><strong> </strong></span> 
     </span>
    </p>
   </div>
  </div>
 </body>
</html>
