3054 5110
778 379 821 447 32

217 567 314 624 tentus
334 562 400 637 fuit;
424 562 514 623 multa
528 577 592 622 cum
612 560 667 621 boc
686 560 800 621 homine
819 555 934 635 optimo‘
946 565 976 621 et
994 561 1229 637 persuasionibus
1248 568 1279 624 et
1298 564 1385 626 urinis

217 683 270 729 nec
284 683 342 727 non
356 672 386 728 et
399 663 652 744 pollicitationibus
666 678 807 742 peragere
821 667 962 740 papistica
981 683 1050 742 gens
1070 667 1218 745 cupiebat,
1241 668 1295 729 sed
1315 669 1388 728 nihil

93 801 98 810 ·
218 778 268 834 aut
282 789 383 847 parom
397 771 528 836 effectum
543 777 596 847 est,
611 773 678 833 licet
693 771 790 846 Lagus
805 777 835 831 et
843 771 969 830 Mustela
978 772 1068 833 multa
1077 772 1236 848 gloriantes
1245 775 1387 848 garrient.

306 879 454 940 Mrnsculas
475 880 558 938 annis
572 878 640 952 xviij
655 876 793 954 Augustae
814 879 844 938 in
862 877 951 938 verbo
967 878 1084 939 Domini
1105 876 1229 953 pramis.
1265 879 1389 940 Liberos

217 973 305 1044 habet
319 989 383 1044 octa
398 990 451 1044 etc.
481 983 585 1043 Libros
600 983 736 1058 Zenonis,
753 983 893 1057 Socratis,
909 981 1053 1058 Pamphili
1066 984 1202 1057 martyris
1217 989 1247 1044 et
1261 983 1387 1064 abarum

218 1087 337 1162 triginta
352 1089 476 1162 quinque
498 1104 535 1147 ex
549 1103 643 1164 graeco
663 1089 694 1148 in
713 1089 834 1149 latinum
852 1089 1013 1162 transtulit,
1037 1103 1158 1163 quornm
1177 1088 1290 1163 aliquot
1311 1087 1389 1148 Her·

220 1195 319 1268 vegim
336 1193 459 1268 excudit,
476 1194 526 1253 alii
540 1194 634 1255 adhuc
650 1193 725 1268 apud
739 1191 889 1253 authorem
904 1193 1030 1254 latitant.

307 1298 435 1372 Fuggeri
450 1303 574 1371 quatuor
587 1297 762 1372 Anthemius,
783 1297 911 1359 Joannes
931 1299 1071 1374 Jacobus,
1094 1299 1228 1359 Joanuos
1244 1295 1389 1372 Georgius

220 1407 250 1464 et
257 1402 449 1475 Hieronymus
456 1403 516 1463 rita
530 1399 679 1462 excessit¹
696 1403 762 1464 Jan
772 1419 824 1476 per
836 1422 927 1465 annos
939 1405 1049 1480 ahquot
1059 1405 1188 1480 locuples
1198 1404 1313 1465 habitus
1326 1419 1386 1463 non

220 1512 272 1583 est,
289 1509 338 1582 qui
353 1508 502 1582 sexaginta
516 1513 567 1566 aut
581 1508 746 1582 octuaginta
759 1509 839 1569 milia
853 1509 969 1568 numam
983 1525 1043 1569 non
1058 1509 1218 1570 excederet.
1362 1587 1366 1592 ,

308 1613 435 1672 loannes
449 1612 584 1686 Agricola
603 1613 640 1674 ab
659 1613 795 1674 Eislebcn
815 1613 862 1674 hic
880 1613 1029 1675 Joaohimo
1048 1613 1167 1675 electori
1185 1611 1389 1676 brandenbur-

221 1718 301 1792 gensi
316 1733 334 1778 a
348 1717 529 1778 concionibus
544 1723 588 1777 est
603 1719 702 1780 sacris.
876 1719 878 1722 ’

309 1824 385 1884 Villa
400 1829 430 1883 et
443 1822 583 1884 habitatio
599 1822 728 1884 Schertel
742 1822 927 1886 Burtenbaob
940 1841 999 1885 non
1013 1825 1113 1902 procul
1127 1825 1165 1885 ab
1183 1825 1315 1900 Augusta
1334 1829 1390 1898 est,

222 1944 307 2004 quam
321 1929 482 2004 Augustani
497 1945 550 2004 pro
565 1929 759 2004 quadraginta
772 1927 897 1989 millibus
912 1930 1029 1990 numum
1044 1930 1080 1992 ab
1095 1907 1157 2006 ipso
1177 1947 1209 1991 se
1230 1945 1325 1992 emere
1345 1928 1392 1988 illi

221 2035 426 2111 promisemnt.
950 2030 958 2057 ³
1144 2023 1148 2026 ’

309 2140 456 2213 Hispanus
471 2140 622 2200 Babadilla
636 2140 703 2200 dum
718 2140 848 2201 Musonlo
864 2140 985 2228 diceret,
1007 2141 1095 2203 sibia
1114 2137 1299 2201 Ferdinando
1318 2156 1392 2213 rege

224 2245 427 2318 exprobratum
440 2237 517 2319 qnod
525 2244 708 2306 Lutberanos
721 2247 935 2307 concionatores
947 2245 1050 2320 adiret,
1063 2245 1186 2310 atillam
1195 2244 1392 2322 respondisse,

225 2349 303 2421 Quid
317 2355 414 2409 vestra
427 2351 562 2424 majestas
583 2367 647 2410 com
666 2349 840 2412 Lutberanis
859 2349 1034 2425 principibus
1053 2351 1205 2425 Mauritio,
1226 2349 1394 2432 marchione
1520 2399 1521 2440 3

223 2457 253 2513 et
271 2453 334 2517 aliis
353 2452 533 2514 familiariter
552 2455 693 2530 loquan,
716 2457 834 2531 insuper
853 2455 978 2531 comedit
997 2461 1026 2516 et
1040 2454 1164 2530 potitat?
1186 2455 1224 2515 D.
1240 2454 1392 2514 Masculus

210 2547 299 2619 iniit:
322 2558 384 2618 Scis
396 2545 473 2633 qnod
487 2565 516 2622 te
531 2577 678 2635 nunqnam
692 2563 865 2635 vocaverim
881 2563 923 2622 ita
937 2566 967 2622 te
981 2577 1034 2622 nec
1049 2560 1133 2622 domo
1149 2559 1288 2621 excedere
1304 2561 1394 2620 etiam

220 2663 307 2737 jussi;
332 2665 411 2724 venis
427 2681 491 2724 cnm
505 2665 558 2726 tibi
573 2667 690 2727 libuerit
710 2671 740 2726 et
759 2665 822 2727 abis
840 2666 891 2726 ubi
910 2667 1060 2742 placuerit.
1102 2666 1133 2728 si
1153 2659 1252 2752 bonus
1264 2665 1393 2741 intrasti,

222 2768 313 2829 bonus
328 2769 429 2846 exibis,
444 2787 509 2831 mea
524 2771 595 2844 njbn'l
609 2770 708 2832 refert.
1003 2813 1006 2824 ι

161 2860 164 2864 ’
312 2876 395 2937 litus
410 2877 580 2939 Theodorus
595 2877 632 2938 ad
647 2877 809 2952 Musonium
824 2880 992 2955 perscripsit
1005 2879 1081 2940 inter
1094 2877 1232 2938 uiduam.
1255 2874 1349 2938 Adest
1362 2881 1395 2936 et

224 2979 318 3042 Julius
332 2980 425 3060 Pdug.
820 2975 823 2982 ’
906 3011 909 3020 ’

312 3087 425 3150 Accidit
433 3090 511 3151 intra
521 3091 574 3150 hos
589 3091 660 3166 dics,
675 3098 708 3152 ut
721 3091 778 3152 duo
793 3089 905 3166 pedites
919 3089 1045 3164 ingluvie
1060 3093 1089 3150 et
1103 3080 1317 3148 mero'distenti
1332 3102 1393 3148 am-

225 3191 374 3254 bulacrum
388 3200 456 3255 ante
471 3197 641 3256 dominicum
656 3197 829 3270 transirent,
852 3201 882 3255 et
895 3180 971 3254 alter
985 3187 1138 3275 conspecta
1157 3191 1251 3268 effigie
1271 3193 1395 3254 Joannis

225 3295 367 3360 Fniderici
383 3301 513 3360 electoris
528 3303 558 3359 in
573 3291 748 3374 cicatricem,
772 3315 858 3374 quam
872 3300 902 3358 in
917 3300 1035 3360 sinistra
1049 3299 1165 3358 mtxilla
1179 3295 1250 3373 lert,
1273 3295 1395 3357 futiliter

226 3401 421 3480 deblaterans,
443 3421 506 3464 cum
526 3406 563 3465 ab
583 3406 675 3466 altero
690 3405 752 3464 hac
766 3403 856 3464 verba
870 3400 1012 3464 &cessere
1024 3403 1190 3478 iuberetur,
1211 3419 1280 3463 mox
1294 3403 1391 3476 evagi-

226 3511 295 3566 nato
316 3507 412 3582 gladio
435 3515 659 3586 compotatorem
678 3525 760 3569 suum
782 3508 906 3582 invadit,
930 3509 980 3584 qui
1002 3509 1111 3585 etipse
1132 3508 1204 3570 adeo
1227 3513 1343 3568 suenus
1365 3511 1396 3565 et

227 3611 359 3674 electoris
373 3615 511 3676 bonorem
525 3621 555 3676 et
568 3614 715 3689 proprium
730 3601 834 3689 corpus
849 3612 993 3689 defendit,
1017 3620 1050 3676 at
1063 3614 1236 3676 conviciator
1250 3613 1300 3672 ille
1321 3613 1395 3672 elec·

226 3717 297 3777 toris
312 3721 495 3792 exanimisin
510 3725 616 3781 terram
632 3717 807 3796 concideret,
823 3719 873 3793 qui
887 3735 956 3780 vero
971 3717 1035 3779 eum
1050 3725 1247 3796 percusserat,
1263 3717 1333 3794 fuga
1348 3734 1394 3778 sa-

227 3822 281 3883 luti
300 3839 359 3884 suae
382 3826 534 3885 consuduit.
566 3813 571 3817 ”

315 3928 418 3988 Petrus
432 3928 580 3990 Barbirins
596 3927 664 3989 dum
676 3944 717 3990 as
732 3923 858 3990 alienum
876 3935 928 3990 aot
942 3929 1101 3991 debituma
1116 3945 1186 4005 rege
1197 3929 1395 4004 Fordiuando,

227 4032 305 4106 quod
319 4049 351 4092 se
365 4033 402 4094 ad
416 4033 560 4107 myriades
575 4034 685 4109 aliquot
698 4036 763 4095 auri
778 4035 918 4110 extendit,
938 4036 1056 4110 repetit,
1079 4034 1263 4096 Lutberanus
1281 4039 1310 4095 et
1330 4051 1396 4094 csse

227 4143 378 4198 accusatur
399 4145 428 4200 et
448 4145 541 4199 castro
561 4156 613 4200 suo
634 4142 759 4200 exuitur.
788 4140 871 4200 Hanc
891 4139 969 4212 quod
991 4139 1078 4215 longo
1097 4145 1226 4215 tempore
1245 4141 1397 4201 aconiaca

227 4241 323 4302 domui
336 4243 498 4337 inservierit
512 4244 671 4306 mercedem
685 4250 838 4322 reportans
857 4259 933 4304 nano
951 4244 1033 4305 anias
1053 4243 1188 4307 deridens
1204 4257 1316 4304 summo
1335 4243 1396 4306 Do·

227 4347 304 4409 mino
319 4349 417 4413 seruit.

802 4435 819 4476 s

303 4526 315 4574 1
335 4520 426 4576 deke
443 4537 497 4577 ron
514 4522 567 4576 fast
585 4522 658 4576 einer
675 4485 752 4576 neila.
813 4516 816 4524 '
