3046 5104
801 405 866 477 tw

248 602 308 668 rot,
332 593 462 670 numus,
483 591 616 654 ouon
631 592 662 652 n
676 589 761 654 neo
781 590 1214 681 umoumunnpeenus,
1240 570 1289 652 ou
1310 595 1417 667 pros-

250 715 336 774 qusm
350 698 426 758 diem
445 697 526 759 illum
548 694 734 758 ultroneum
756 686 866 772 piscati
887 709 1002 772 sumus,
1023 697 1419 785 ipsun-interrogavimusi

248 804 414 880 quidboni,
439 803 517 878 quod
535 803 575 862 sd
593 803 743 877 negocium
762 807 892 862 nostrum
907 801 1033 877 teuent,
1052 806 1223 881 accepisset.
1256 800 1418 878 Respondit,

248 925 366 988 prorsus
386 907 479 970 odhuu
500 907 585 968 nihil.
623 908 736 983 Repeti
755 909 844 982 igitur
866 915 937 969 ute
953 908 1123 970 Coloniense
1137 909 1302 986 expiscari,
1317 907 1419 981 siquid

247 1013 353 1081 fuctum
368 1015 414 1088 sit,
434 1013 610 1088 dignaretur.
633 1012 718 1085 Quod
733 1029 765 1072 se
778 1013 989 1088 promptissime
1000 1011 1142 1076 tactuum
1156 1016 1210 1089 eit,
1226 1029 1263 1074 ue
1277 1028 1345 1074 mex
1357 1028 1417 1072 con·

248 1135 369 1196 surgens
391 1118 635 1192 arehiepiscopum
657 1117 743 1192 odiit,
770 1116 855 1178 nobis
879 1124 974 1180 eutem
996 1120 1090 1194 ipsum
1113 1118 1326 1196 comitantibus
1336 1117 1417 1178 dixit:

166 1299 167 1304 ἵ
247 1227 311 1300 Epo
325 1230 406 1284 recto
429 1223 467 1284 sd
483 1222 682 1284 coloniensem
705 1223 753 1282 ibo
773 1227 802 1282 et
824 1222 962 1298 quioquid
983 1240 1019 1284 ex
1040 1241 1076 1284 eo
1100 1239 1278 1300 cognovero,
1303 1223 1379 1283 ouius
1391 1227 1417 1281 te

246 1331 355 1392 renone
368 1328 480 1392 iscium,
504 1328 596 1404 Igitur
611 1334 677 1402 post
689 1327 800 1390 horulae
809 1328 933 1402 spotiuur
941 1345 1075 1404 puerum,
1091 1330 1141 1405 qui
1152 1345 1207 1390 nos
1223 1329 1264 1392 ud
1279 1345 1312 1388 se
1323 1328 1418 1388 ,venire

243 1436 369 1514 iuberet,
384 1435 470 1510 misit,
487 1449 572 1508 quem
586 1433 730 1495 subsecuti
753 1449 852 1494 rursus
867 1435 1001 1496 comitem
1016 1436 1048 1494 in
1062 1433 1147 1498 horte
1162 1436 1335 1496 invenimus.
1371 1433 1417 1494 Di·

247 1544 291 1602 xit
304 1542 401 1615 ioque
424 1555 456 1600 se
472 1540 621 1614 negocium
640 1540 670 1598 in
691 1543 834 1614 utrunque
858 1546 971 1614 purtem
993 1540 1181 1616 perpendisse
1205 1545 1237 1602 et
1258 1547 1293 1602 ut
1310 1537 1417 1602 tuudon

247 1663 306 1708 uon
320 1647 362 1709 its
377 1659 459 1719 nuso,
480 1645 565 1718 juxto
582 1644 781 1722 proverbium,
806 1644 1067 1720 suspenderentur,
1086 1646 1250 1708 consultum
1265 1645 1308 1706 illi
1322 1643 1416 1717 uideri,

248 1752 384 1828 quonium
399 1749 516 1814 edoctus
527 1754 616 1824 ‚esset
632 1764 668 1810 eo
682 1747 728 1808 die
744 1747 958 1824 uolumenum,
981 1765 1146 1826 quenquam
1161 1766 1192 1812 se
1209 1750 1286 1811 cium
1299 1764 1361 1810 esse
1374 1748 1417 1810 de-

247 1837 433 1934 deretepud
447 1838 595 1916 dominum
610 1854 647 1916 de
663 1850 844 1924 Grondeueir
858 1869 1038 1930 pransurum
1067 1855 1177 1920 Darem
1189 1857 1357 1932 operum-ut
1369 1868 1416 1928 por

246 1979 367 2040 puerum
381 1962 506 2037 uuquen
521 1977 584 2021 cum
598 1964 761 2036 postremus
776 1961 879 2020 missus
894 1975 1001 2022 menese
1022 1964 1239 2038 inponeretur,
1261 1962 1415 2022 occureret

232 2077 306 2132 tum
321 2066 478 2145 perir-iente
492 2065 590 2128 ironte
606 2064 804 2127 Golouieusorn
827 2067 857 2126 iu
876 2069 1032 2142 presentie
1047 2065 1237 2130 Gruuderolae
1257 2063 1414 2128 auduom

245 2191 361 2251 regens,
387 2179 420 2234 ut
435 2174 513 2248 opud
527 2171 670 2234 dommum
687 2169 724 2230 de
738 2169 923 2234 Grundevclu
936 2174 1072 2247 insturet,
1086 2178 1120 2234 ut
1133 2175 1158 2232 is
1173 2173 1254 2248 opud
1268 2183 1413 2234 censeretur

245 2283 432 2355 najestatem,
440 2293 492 2352 pro
512 2287 558 2336 me
572 2276 750 2346 intercedere
767 2277 837 2337 velit
858 2293 893 2338 ec
907 2277 1095 2342 Maecenatem
1108 2282 1213 2356 opero,
1234 2294 1272 2338 no
1294 2293 1330 2338 ex
1343 2274 1412 2336 omui

248 2391 332 2464 purte
347 2384 386 2444 ed
400 2384 499 2444 restim
513 2389 543 2442 et
557 2396 693 2442 summum
708 2388 908 2457 paupertatem
916 2382 1075 2460 redigerer,
1091 2384 1266 2459 ettuuripse
1280 2382 1410 2452 audirem.

246 2490 316 2566 qnid
330 2490 461 2566 responsi
477 2484 658 2550 Grondevele
673 2487 766 2548 deret.
802 2488 832 2550 Si
847 2503 900 2564 pro
915 2504 960 2548 me
972 2487 1154 2550 intercedere
1168 2489 1324 2565 reciperet,
1340 2497 1410 2560 spem

245 2596 339 2657 ndhuc
353 2595 479 2669 udquum
494 2607 659 2670 superesse,
682 2594 727 2658 sin
742 2599 838 2656 cutem
853 2593 884 2654 id
899 2593 1053 2669 abnueret,
1069 2611 1114 2656 rue
1129 2611 1211 2670 seque
1226 2593 1408 2670 cogniturum,

244 2701 316 2777 quid
330 2715 384 2776 pro
399 2715 431 2760 re
444 2698 540 2760 iecere
554 2701 696 2774 oporteat.
719 2699 759 2760 Et
768 2701 794 2758 si
803 2701 850 2760 hio
864 2701 975 2768 enimus
990 2704 1113 2764 nonme
1126 2699 1308 2790 obhorreret,
1322 2700 1409 2760 umen

245 2807 346 2882 optimi
360 2807 415 2866 viri
430 2806 578 2866 consilium
593 2808 676 2880 sequi
691 2807 777 2867 volui.
817 2805 877 2868 Sub
896 2805 997 2867 horum
1017 2807 1106 2880 igitur
1127 2806 1304 2868 undecimum
1320 2799 1406 2876 hospi·
1445 2864 1450 2872 ,

245 2912 316 2973 tium
332 2909 520 2973 GreudeveIue
535 2909 676 2972 adeuntes
691 2911 798 2980 ibidem
812 2913 842 2972 in
855 2913 993 2974 interiore
1013 2912 1088 2973 strio
1102 2913 1348 2986 prestolebernur,
1362 2905 1406 2966 do

245 3031 299 3078 nec
313 3017 545 3093 archiepiscopus
561 3033 597 3078 cx
611 3017 754 3093 superiori
767 3017 945 3094 ¹enrtoulecro,
967 3017 1017 3078 ubi
1031 3019 1130 3092 prensi
1145 3022 1244 3094 eruut,
1262 3010 1406 3078 descende

244 3129 298 3186 ret.
334 3124 378 3193 Ae
391 3128 425 3182 ut
438 3124 561 3197 primun
580 3123 685 3188 utrium
709 3123 797 3198 iliud,
820 3123 850 3182 in
865 3139 922 3197 quo
936 3117 1000 3188 ilios
1015 3130 1213 3200 expectarem,
1233 3120 1405 3189 uenierunt

243 3227 394 3290 cortuum
409 3211 609 3288 Golodiensem
628 3231 736 3288 ucoesd
754 3245 877 3304 regens,
902 3235 943 3290 ut
956 3229 1188 3305 epudillustrenr
1202 3229 1346 3298 domiuum
1359 3221 1407 3302 (tit

245 3334 321 3394 enim
335 3334 432 3394 vocari
447 3332 536 3408 emet)
552 3333 595 3402 de,
604 3331 785 3395 Grendevelu
799 3333 980 3396 intercedere
992 3336 1069 3418 velit,
1092 3341 1125 3396 ut
1137 3352 1193 3412 pro
1206 3351 1253 3396 ure
1268 3331 1343 3410 opud
1356 3343 1403 3390 eu·

245 3453 357 3499 sereem
377 3438 557 3512 majestatem
575 3437 773 3513 Meceuutem,
795 3445 828 3498 ut
847 3441 978 3514 superius
999 3440 1104 3502 dictum
1124 3448 1184 3516 est,
1210 3455 1298 3516 egere
1318 3433 1403 3498 vellet·

244 3543 404 3618 Respondit
418 3541 607 3604 Coloniensis:
624 3543 768 3608 soctan<
789 3545 898 3610 Potens
913 3551 1007 3606 eutem
1022 3545 1098 3608 forte
1112 3563 1157 3607 me
1173 3545 1209 3608 de
1223 3542 1403 3606 Auebuteuse

242 3649 332 3726 ioqui,
348 3665 415 3710 mox
426 3649 546 3710 lucinius
561 3650 683 3718 vestium
697 3648 896 3715 Atrebeteusis
911 3651 1153 3727 comprehendens
1175 3652 1269 3728 ipsum
1281 3648 1320 3712 ud
1332 3644 1402 3707 ioue·

243 3761 332 3816 strum
346 3755 471 3828 seduxit
486 3757 605 3828 means,
622 3761 655 3816 ut
667 3755 739 3814 mitri
753 3755 922 3832 ridebatur,
936 3758 1048 3819 sedulo.
1071 3757 1126 3818 Ast
1138 3755 1337 3834 Atrebetensis
1348 3761 1400 3812 our

241 3862 294 3921 'nis
308 3861 413 3923 blande
427 3863 613 3934 medebatur,
631 3862 706 3940 ¹quid
721 3869 818 3924 eutem
833 3864 1027 3938 responderit,
1050 3879 1095 3924 ne
1110 3863 1191 3923 tutet.
1229 3859 1341 3922 Deinde
1353 3852 1400 3914 Ge

243 3967 378 4027 loniensis
394 3965 582 4030 Greudevelae
604 3970 681 4042 petri
706 3975 735 4028 et
757 3967 822 4030 titiis
844 3969 1005 4031 veledicens
1028 3985 1101 4044 equo
1122 3982 1278 4032 conscenso
1292 3964 1400 4036 Morou·

150 4071 153 4080 “
242 4071 297 4134 tini
311 4071 388 4132 sedes
402 4074 540 4148 euenit,
565 4073 603 4134 od
617 4075 698 4149 cujus
718 4075 809 4149 osque
823 4074 978 4149 hospitium
999 4075 1130 4136 dominus
1150 4074 1187 4136 de
1201 4074 1281 4150 Lyre
1295 4074 1324 4133 ot
1336 4066 1401 4128 ulter

242 4175 369 4238 filorum,
381 4175 570 4239 Grendeveloe
585 4195 659 4243 unus
673 4197 691 4240 e
705 4179 814 4240 dextris
829 4179 908 4242 ulter
926 4198 945 4242 e
965 4182 1090 4242 sinisuis
1104 4181 1305 4254 obequitantes
1317 4177 1399 4250 ipsum

243 4283 434 4346 deduxerunt.
469 4285 544 4358 Quis
558 4291 654 4347 eutem
678 4288 709 4347 in
723 4287 771 4348 vie
785 4286 964 4348 Coloniensis
979 4290 1052 4346 nutu
1066 4301 1120 4346 neo
1132 4284 1221 4348 verbo
1236 4274 1399 4362 significum

243 4407 274 4450 sc
289 4389 359 4449 mihi
373 4405 591 4466 responsurum,
616 4392 654 4452 ud
671 4396 784 4470 tempus
803 4393 921 4468 uliquod
941 4394 972 4452 iu
986 4393 1111 4470 hospitio
1125 4391 1290 4466 Mogontini
1301 4393 1398 4448 morsm

242 4493 307 4572 teci,
325 4513 359 4560 sc
374 4497 490 4570 interim
505 4497 656 4574 Philippus
669 4514 689 4561 ι
703 4497 784 4562 Ste'ur
798 4499 993 4574 unguetenus,
1013 4496 1231 4575 Burobergeus'u
1246 4493 1395 4567 etiiiossui·
