3046 5104
13 515 15 590 i

13 629 15 700 i

676 435 738 501 177

205 613 341 677 Liborins
357 616 592 691 capitulationem
605 617 665 690 jam
680 617 767 677 tertio
782 619 942 691 reportavit
961 625 992 680 οι
1006 619 1077 680 nihil
1092 623 1122 682 in
1137 638 1173 684 ca
1187 623 1293 686 mutari

13 711 14 794 ἶ
111 723 195 796 passi
205 729 283 782 sunt.
306 723 460 782 iusserant
472 739 542 783 vero
551 723 662 796 Viglios
677 722 828 796 etSeldus,
844 729 876 783 ut
886 739 948 782 cam
963 725 1001 785 ad
1016 725 1153 786 mundum
1168 728 1292 790 describi

112 842 259 886 curarem.
283 828 414 900 Rogatus
430 833 474 886 cst
488 828 576 902 igitur
590 827 724 902 Lindius,
746 827 794 900 qui
810 845 872 888 cam
892 830 923 888 in
944 830 1116 890 membranis
1130 831 1291 916 descripsit,

112 938 145 991 et
158 947 197 992 ne
213 932 304 1006 gratis
318 931 438 1004 punirer
452 931 495 990 illi
509 931 652 991 tholorum
668 931 733 992 dedi
748 934 811 1006 ipso
825 937 921 993 tamen
935 933 1111 1010 refragante.
1237 1011 1240 1018 ἱ

205 1038 293 1099 Αιιοο
303 1037 409 1112 elapso
425 1035 648 1112 chrismphorus
663 1053 757 1097 comcs
771 1037 809 1097 ab
822 1037 983 1114 Altcnburg
998 1045 1028 1098 οι
1041 1038 1119 1100 Dido
1134 1039 1171 1099 ab
1184 1041 1293 1114 Kniep·

112 1143 228 1202 heusen
245 1145 276 1200 in
290 1157 375 1201 usum
389 1141 530 1200 Fridcrici
550 1142 661 1200 comitis
676 1141 800 1200 Palatini
822 1139 918 1200 decem
938 1144 1017 1202 milia
1035 1143 1291 1218 peditum-stipen-

113 1245 170 1306 diis
186 1245 395 1306 conduxerant.
428 1245 486 1304 Sed
500 1261 590 1319 opera
604 1244 752 1306 Cattorum
766 1247 905 1320 principis
919 1247 966 1306 bic
981 1248 1123 1308 e'xercitus
1138 1249 1292 1309 distractm

114 1357 168 1425 est,
186 1353 230 1409 ita
245 1355 278 1409 ιιι
292 1350 427 1410 Liberius
441 1349 632 1410 Monichuscn
655 1349 756 1410 cesari
777 1356 806 1412 ct
820 1351 969 1411 Friderico
990 1351 1213 1428 christophorus
1228 1369 1292 1414 cum

112 1457 173 1514 suis
189 1456 391 1529 supplemento
406 1455 548 1514 exercitus
564 1459 669 1514 essent.

205 1560 285 1618 Nota
299 1559 335 1618 de
350 1559 453 1618 littaris
467 1575 507 1632 vp
522 1557 575 1617 der
589 1559 718 1620 thindc
733 1559 827 1620 Lundt
843 1567 897 1621 eto.

206 1664 252 1723 De
267 1663 498 1738 prosternatione
513 1667 581 1723 ante
596 1679 731 1723 caesarem
746 1665 839 1724 adhuc
853 1667 883 1724 in
898 1666 984 1726 dubio
999 1672 1051 1726 est

206 1770 256 1826 xix
270 1768 367 1841 Junii,
393 1784 458 1840 quse
474 1772 518 1826 est
534 1768 596 1828 dies
610 1769 818 1830 audiendarum
843 1770 889 1844 (ut
902 1769 1018 1845 vocant)
1034 1773 1064 1830 in
1079 1777 1175 1830 castro
1190 1770 1289 1832 Weid-

114 1874 178 1933 eck.
218 1873 306 1932 Ferit
328 1871 398 1932 deus
418 1877 452 1931 nt
474 1889 543 1932 suus
565 1872 656 1932 bonos
677 1873 782 1932 ibidem
797 1879 953 1946 quaeratur,
977 1873 1086 1934 Eadem
1101 1875 1199 1949 inquio
1215 1875 1292 1935 inire

114 1984 229 2038 sextam
252 1983 281 2036 et
304 1979 453 2051 septimam
473 1978 560 2037 horas
575 1975 774 2052 Wolffgangus
794 1978 998 2037 Mnsculusex
1019 1995 1080 2052 cap.
1107 1981 1147 2038 15
1170 1980 1290 2042 oomnis

112 2084 301 2156 evangeliste
316 2083 378 2142 brec
393 2080 484 2140 verba
497 2082 646 2142 recitavit:
672 2083 751 2142 »Sed
765 2083 826 2142 haec
842 2083 937 2142 omnia
951 2081 1057 2142 facient
1071 2083 1151 2143 vobis
1166 2089 1288 2158 propter

112 2204 221 2250 nomen
235 2183 338 2262 meudr,
356 2187 424 2260 quia
439 2202 498 2245 non
507 2192 650 2246 noverunt
664 2203 738 2261 eum,
754 2188 804 2260 qui
818 2188 895 2246 misit
909 2203 974 2246 mc«
986 2194 1040 2247 etc.
1062 2187 1118 2248 Hic
1133 2187 1205 2246 dixit
1219 2205 1290 2261 quo·

111 2293 201 2354 modo
216 2293 348 2353 dominus
362 2307 430 2350 suos
445 2291 483 2351 ad
498 2292 651 2352 maenam
665 2293 892 2366 persecutionem
908 2293 1073 2352 cohortatus
1088 2294 1126 2351 sit
1141 2292 1287 2366 atquibus

111 2399 289 2474 argumentis
303 2413 401 2456 eorum
416 2397 528 2456 ammos
542 2394 726 2471 confirmarit,
750 2413 782 2456 sc
803 2397 902 2471 elapsa
916 2399 963 2457 die
979 2397 1119 2457 dornimco
1131 2399 1161 2456 in
1176 2397 1286 2457 duabus

111 2503 296 2563 concionibus
312 2503 487 2576 exposuisse.
511 2501 596 2560 Nunc
610 2508 707 2562 autem
722 2518 765 2576 ee,
782 2519 846 2576 quae
861 2503 998 2576 praelccte
1012 2503 1078 2576 sint,
1094 2502 1185 2576 probe
1201 2519 1287 2563 excu-

111 2615 176 2668 tere
191 2611 336 2680 oportere.
374 2605 479 2664 Paucis
494 2606 583 2679 igitur
598 2604 817 2681 praefatis‘bunc
832 2623 1006 2681 samonem,
1029 2609 1163 2666 nimirum
1179 2608 1215 2668 de
1230 2625 1288 2668 cm·

111 2714 197 2788 pbasi
211 2710 364 2772 verborum
380 2711 461 2769 »haec
476 2711 570 2770 omnia
585 2708 691 2770 facient
705 2711 806 2769 vobis«
823 2715 878 2770 etc.
894 2727 958 2784 quse
974 2712 1032 2770 sint
1046 2713 1219 2776 haecomnia
1233 2729 1284 2786 ag·

114 2834 231 2891 gressus
247 2821 300 2874 est.
338 2814 389 2873 Ait
413 2821 510 2874 autem
528 2831 581 2889 per
604 2817 666 2874 hoec
680 2815 769 2874 verba
783 2815 819 2874 de
840 2816 931 2875 tribus
946 2817 1123 2889 potissimum
1140 2817 1287 2876 dominum

114 2923 231 2995 dixisse,
248 2920 356 2978 scilicet
371 2919 406 2978 de
422 2921 545 2993 genuino
560 2920 658 2979 mundi
674 2926 704 2979 et
717 2934 832 2980 suorum
847 2921 877 2978 in
886 2937 935 2979 eos
945 2920 1021 2994 odio,
1032 2921 1068 2979 de
1077 2923 1285 2996 persecutione,

113 3033 143 3086 et
158 3026 236 3100 quod
256 3023 376 3083 verbum
395 3023 473 3099 apud
493 3041 543 3084 eos
566 3025 682 3085 nonsit
702 3024 868 3084 habiturum
887 3025 980 3084 locum
1005 3041 1058 3084 nec
1078 3024 1137 3082 ullo
1158 3026 1242 3084 modo
1257 3027 1287 3085 id

113 3130 276 3208 suscepturi
290 3129 336 3188 vel
349 3129 392 3187 illi
406 3129 599 3190 obedientiam
615 3130 772 3203 praestituri
787 3130 853 3188 sint.
900 3130 1047 3188 Praeteree
1061 3144 1201 3204 perquam
1216 3131 1287 3189 scite

113 3235 175 3294 odii
195 3235 343 3308 energiam
363 3240 392 3293 ct
411 3251 475 3308 quae
496 3251 533 3292 ex
551 3234 606 3293 hoc
620 3239 793 3293 enascantur
811 3233 956 3294 indicavit.
976 3229 979 3238 ¹
995 3235 1071 3294 Nam
1086 3235 1203 3294 exodio
1218 3251 1286 3310 pro·

113 3345 254 3420 rumpunt
270 3340 406 3413 convicia,
422 3339 624 3415 detractiones,
644 3338 793 3398 mendacia
808 3345 837 3398 et
852 3339 987 3413 quicquid
999 3339 1084 3414 hujus
1099 3339 1188 3398 lerna
1203 3341 1286 3400 vitio-

113 3461 179 3504 rum
195 3449 248 3518 est,
264 3445 349 3504 sicuti
363 3443 419 3502 dici
434 3445 516 3504 solet.
555 3443 594 3502 Os
608 3445 714 3504 inimici
734 3446 884 3505 vamtatem
905 3447 1114 3520 conloquitur,
1130 3443 1220 3506 odder
1234 3447 1287 3505 vvie

113 3565 183 3608 mun
197 3548 264 3608 redt
278 3548 321 3608 vif
332 3565 456 3608 vnnserc
466 3549 591 3621 Sprach:
607 3549 666 3608 Des
681 3549 794 3609 viendts
803 3551 908 3610 Mundt
921 3551 987 3610 redt
1001 3551 1114 3609 seltcnn
1128 3549 1286 3610 dieWahr-

113 3653 197 3714 heitt.
236 3653 276 3713 Et
289 3653 344 3713 hoc
358 3654 452 3726 ipsum
466 3667 502 3710 ex
516 3651 643 3713 historiis
659 3655 749 3712 sacris
771 3653 921 3728 probavit,
943 3659 973 3726 et
986 3653 1165 3726 potissimum
1180 3657 1288 3725 quanta

114 3758 226 3818 scelera
239 3758 307 3816 olim
321 3757 417 3817 Judaei
432 3755 545 3816 Christo
562 3773 614 3832 per
628 3759 765 3817 invidiam
780 3764 809 3816 et
828 3758 1005 3816 mendacium
1020 3757 1186 3831 objecerint,-
1202 3756 1288 3828 qualo

113 3860 169 3922 fnit
182 3861 263 3936 illud,
279 3867 391 3921 etcum
406 3860 551 3920 dominum
566 3877 663 3921 coram
678 3864 774 3921 Pilato
788 3865 933 3938 accusant,
947 3861 1040 3934 ipsum
1054 3877 1170 3920 censum
1185 3861 1287 3920 caesari

114 3967 186 4027 dure
201 3967 382 4040 prohibuisse
404 3971 433 4025 et
456 3981 621 4024 sermonem·
638 3967 701 4038 ejus
720 3967 906 4040 inverterint,
930 3982 994 4027 cum
1009 3966 1138 4026 Christus
1154 3967 1286 4026 dixisset:

113 4072 201 4146 Date,
219 4087 283 4145 quse
299 4077 367 4130 sunt
381 4071 504 4144 caesaris,
521 4070 631 4145 caesari,
648 4075 677 4129 et
692 4086 756 4145 quae
772 4076 839 4128 sunt
860 4071 919 4144 dei,
938 4071 1000 4130 deo.
1024 4071 1064 4129 Et
1077 4071 1132 4129 hoc
1146 4069 1209 4130 loco
1225 4085 1286 4130 ser·

113 4193 228 4237 monem
242 4177 418 4236 intersecans
434 4175 581 4235 Masculus
603 4172 678 4255 (Hoc
693 4175 786 4248 ipsum
809 4176 884 4233 enim
905 4191 1016 4248 aequum
1033 4181 1076 4236 est
1091 4179 1120 4234 et
1135 4177 1176 4234 sic
1190 4174 1286 4234 facere

114 4283 207 4357 decet,
233 4283 366 4342 nimirum
389 4287 422 4341 ut
436 4297 526 4340 caesar
545 4285 683 4352 tanquam
702 4294 792 4338 caesar
813 4265 986 4354 agnoscatur
1000 4286 1029 4340 et
1044 4297 1107 4355 qua
1122 4281 1164 4339 illi
1179 4279 1286 4339 deben-

113 4395 163 4449 tur
177 4389 284 4448 dentur
298 4401 428 4462 quoquc,
449 4385 504 4446 deo
519 4389 614 4444 autem
630 4399 681 4458 ea,
704 4399 769 4456 qnae
784 4383 830 4443 dei
846 4390 957 4445 suntet
972 4386 1019 4445 dei
1033 4387 1155 4460 gloriam
1169 4400 1285 4444 concer-

113 4491 201 4567 nunt)
216 4509 251 4551 ac
266 4493 308 4551 sic
321 4493 466 4564 inceptum
486 4506 645 4550 sermonem
664 4503 843 4564 prosequens
862 4491 917 4549 ait:
941 4490 1021 4562 Sicut
1035 4497 1065 4550 et
1078 4490 1134 4548 hoc
1147 4487 1288 4548 mendacii

159 4617 275 4660 Waldeck.
1034 4598 1072 4652 12
