3046 5104
657 433 724 502 168

94 629 129 676 sc
144 614 260 678 mundo
272 629 292 676 a
302 613 390 676 uobis
404 629 461 675 nou
476 614 651 690 posthaberi.
704 615 867 679 Videndum
887 619 985 676 autem
1000 615 1082 678 nobis
1095 621 1149 691 est,
1173 632 1210 678 ua
1225 616 1278 678 'bic

89 721 184 794 juxta
205 720 234 780 d.
251 719 336 782 Petri
355 720 538 782 monitionem
557 721 619 782 laec
640 737 659 782 a
678 721 783 784 mundo
807 722 844 784 ob
867 722 1025 796 recubam
1051 726 1180 796 uoemapt
1197 723 1277 796 justo

94 825 168 888 odio
188 823 271 900 digni
291 828 444 902 patiamur.
489 825 571 888 Tunc
592 827 669 886 enim
690 843 765 888 vena
785 834 815 888 et
838 826 1003 888 hemanea
1023 831 1123 888 nosne
1144 827 1285 900 gloriatio·

93 929 185 994 ioret
225 931 288 992 Sed
298 947 429 1006 querere
444 932 588 1006 priapiam
606 936 720 1006 posset,
737 947 803 992 cum
815 931 946 994 Christus
962 932 1040 1006 dicit,
1066 930 1206 992 »muudus
1220 947 1277 992 uos

95 1037 195 1112 odit«,
211 1053 252 1098 an
264 1036 321 1098 boc
335 1038 412 1098 dicto
426 1038 511 1098 ctiam
526 1038 595 1100 velit
606 1035 756 1110 pontifices
771 1043 801 1098 et
815 1039 967 1112 optimates
981 1037 1079 1098 mundi
1093 1037 1147 1098 sub
1162 1036 1277 1096 nomine

95 1142 201 1206 muudi
221 1142 362 1204 concludi.
401 1142 586 1217 Respondeo,
613 1143 809 1204 meretricibus
829 1149 858 1204 et
879 1144 1038 1218 publicanis
1066 1140 1276 1217 quodammodo

96 1248 203 1308 melium
219 1261 284 1306 cum
299 1245 415 1307 Christo
430 1249 609 1322 convenisse,
633 1264 667 1308 eo
683 1249 760 1323 quod
779 1246 835 1310 hoc
848 1249 998 1310 homiuum·
1007 1264 1098 1323 penus
1113 1253 1143 1308 et
1157 1255 1277 1324 peccata

96 1370 153 1414 sua
167 1358 200 1416 ot
214 1353 355 1416 medicum
374 1353 532 1414 animarum
556 1369 672 1414 auarum
687 1353 830 1423 Cbmstum
853 1355 936 1416 citius
951 1355 1115 1429 apuoverit,
1136 1353 1277 1414 Pharisaei

97 1472 169 1518 vero
184 1461 217 1516 et
230 1463 366 1532 proceres
377 1457 486 1533 judaici
501 1461 681 1534 apertissimo
697 1459 771 1520 'odic
785 1459 862 1520 hunc
876 1461 1022 1534 prosecuti
1036 1466 1117 1535 suut,
1142 1465 1175 1520 ut
1189 1457 1276 1518 etiam

99 1562 282 1637 avangelista
295 1563 430 1624 Joannas‘
441 1563 477 1626 de
492 1563 587 1626 Pilato
603 1566 716 1628 ethnico
731 1565 845 1640 dixerit,
866 1565 959 1626 aciens
975 1565 1053 1640 quod
1067 1570 1188 1641 proptor
1202 1564 1275 1624 iuri·

100 1668 181 1730 diam
196 1667 386 1730 tradidissent
401 1685 474 1730 eum.
512 1671 582 1730 Haec
597 1671 685 1746 igitur
700 1671 835 1745 scientes,
860 1670 902 1728 ait
915 1657 1076 1745 Musculus,
1100 1671 1210 1730 animoa
1225 1685 1276 1728 nc·

99 1777 178 1832 strae
194 1769 392 1848 obfirmamus,
417 1791 481 1834 cum
494 1775 558 1836 llaec
571 1777 723 1852 apostolis,
744 1774 932 1848 patriarchis,
952 1774 1100 1850 prophetis
1114 1781 1145 1834 et
1159 1775 1275 1834 domiuo

97 1878 155 1950 ipsi
171 1875 288 1938 Christo
308 1877 481 1955 acciderint,
503 1883 528 1942 si
549 1881 702 1957 aliquando
725 1887 755 1942 ct
774 1881 805 1939 in
826 1885 956 1940 nostrum
968 1879 1072 1940 'sinum
1086 1876 1216 1953 influant,
1238 1893 1276 1941 ua

99 1997 179 2056 agre
195 1981 252 2042 boc
265 1981 401 2059 femmas,
417 1985 469 2047 aad
483 2001 565 2062 eum,
586 1989 636 2062 qui
650 2003 702 2047 nos
717 1987 798 2061 prius
812 1985 900 2060 clepit
913 1989 944 2046 et
958 1999 1043 2058 quem
1057 1983 1181 2045 mundus
1195 1983 1280 2057 prius

97 2086 166 2148 odio
181 2086 293 2162 habuit,
302 2089 454 2166 miremur,
465 2091 659 2152 obedientiam
673 2093 715 2152 illi
730 2095 899 2166 praestcmus
915 2097 945 2150 et
955 2088 1114 2152 acbnfcssa
1128 2089 1217 2148 semel
1226 2103 1274 2146 ve-

97 2194 189 2254 ritate
211 2207 271 2252 nou
293 2194 471 2272 recidamus,
499 2195 577 2270 quod
594 2198 678 2258 nobis
699 2195 798 2258 invect
823 2196 893 2258 deus
916 2202 1001 2272 pater
1021 2211 1074 2272 per
1090 2192 1180 2254 lilium
1194 2207 1276 2253 suum

99 2298 214 2360 desum:
236 2298 337 2359 Amen.
372 2337 376 2342 ·
831 2315 833 2322 ·
1261 2313 1266 2320 “

193 2403 305 2463 Eadem
327 2404 512 2466 wilhelmum
534 2407 664 2466 comitem
684 2424 702 2466 a
723 2397 838 2468 Nassete
863 2407 893 2466 in
914 2407 1039 2482 bospitio
1069 2403 1277 2479 archiepiscopi

102 2507 285 2570 boloniensis
304 2509 423 2573 allocuti
437 2523 547 2588 sumus,
573 2514 623 2587 qui
637 2513 687 2574 'ait
706 2529 738 2573 se
752 2511 998 2588 archiepiscopum
1017 2511 1110 2573 nostri
1125 2525 1194 2586 ergo
1210 2523 1276 2568 oon-

101 2616 232 2690 venisse,
245 2621 282 2676 et
304 2615 346 2688 illi
360 2631 419 2678 nou
434 2619 540 2691 praeter
555 2633 618 2678 rom
635 2617 740 2694 videri,
764 2620 790 2698 si
812 2617 851 2678 ad
871 2617 1025 2694 prandium
1045 2616 1183 2690 adessem,
1207 2593 1275 2674 uam

100 2711 197 2800 ipsum
217 2737 333 2797 quoqne
353 2739 395 2783 ec.
407 2722 544 2784 laturum.
590 2723 717 2784 Prandio
738 2723 828 2798 igitur
846 2721 1024 2783 coloniensis
1046 2722 1191 2798 praecipue
1212 2721 1274 2804 ejus

103 2843 212 2890 mcuaae
234 2827 401 2888 assidebant
415 2828 503 2890 abbae
519 2829 756 2904 aWeingarteu,
773 2827 919 2903 Gervicus,
944 2826 1123 2902 wilhelmus,
1148 2842 1242 2886 comes
1256 2842 1275 2886 a

103 2934 231 3009 Nassau,
246 2933 393 3008 Eubulus,
416 2933 484 2994 Otto
498 2947 592 2994 comes
607 2950 626 2994 a
641 2934 843 3014 Sobaumberg,
866 2933 1037 3010 chunradus
1051 2949 1069 2992 a
1082 2932 1276 3006 Benneburpk

102 3038 494 3116 crumbeccaschonberg,
506 3040 554 3118 qui
563 3040 755 3101 marschalcus
766 3039 881 3102 caesaris
896 3037 1010 3114 dicitur,
1019 3036 1274 3110 VitusaVelberg.

192 3146 222 3206 A
235 3145 357 3221 prandio
377 3146 430 3206 der
455 3145 591 3208 vnbillioh
612 3146 696 3206 Bilclr
717 3145 900 3222 provincialis
923 3144 1142 3206 carmelitarum
1163 3139 1202 3200 ad
1223 3155 1276 3198 nos

104 3253 193 3327 venit,
209 3249 401 3327 interrogans,
418 3251 549 3325 nunquid
563 3259 609 3312 me
623 3253 789 3312 Retisboucc
803 3251 930 3312 vidisset.
968 3243 1218 3322 Primoreapondi
1231 3260 1277 3315 me

106 3359 235 3432 nescire,
259 3363 447 3432 posteaquam
466 3362 567 3426 aulem·
583 3371 647 3417 eum
662 3373 766 3434 urgere
781 3357 895 3432 andiu,
919 3341 1014 3418 ennon
1029 3354 1171 3430 colloquio
1182 3352 1275 3410 'iuter-

104 3463 231 3538 iulseem,
247 3463 398 3539 respondi:
416 3455 447 3524 Si
461 3470 493 3524 tn
503 3471 538 3524 ¹es
553 3465 602 3526 ille
617 3465 733 3540 iniquus
748 3479 847 3537 aequus
864 3462 961 3539 (allud
976 3464 1051 3522 enim
1065 3460 1277 3545 adcognomen

105 3567 181 3645 ejus)
204 3568 327 3630 miiistm
341 3573 369 3629 et
383 3575 413 3629 te
428 3577 541 3643 quoque
555 3570 626 3644 vidi,
650 3579 703 3630 nec
722 3568 834 3644 abnego
849 3584 894 3628 me
916 3567 1022 3630 ibidem
1036 3566 1133 3640 fuisse,
1149 3578 1204 3627 nec
1216 3579 1278 3646 pce·

105 3676 187 3737 nicea
212 3669 353 3734 Bilclsium
375 3680 470 3736 autem
487 3676 676 3752 interrogavi,
694 3677 743 3750 qui
757 3675 855 3748 fieret,
878 3671 956 3748 quod
974 3671 1059 3732 modo
1080 3683 1176 3728 macer
1192 3671 1277 3739 esset,

105 3794 171 3841 oum
185 3780 353 3844 Ratisbonaa
371 3780 474 3840 obesus
488 3779 585 3856 fuerit,
602 3785 631 3840 et
645 3796 721 3840 nuuc
733 3785 814 3840 ictus
825 3783 899 3854 ater,
915 3793 979 3838 cum
993 3780 1061 3834 tunc
1076 3775 1166 3848 nigre
1179 3771 1276 3830 bucul-

31 3960 34 3965 ,
106 3887 142 3946 le
157 3885 311 3948 candidam
325 3884 759 3960 chlamidemsnperinduxerit?
792 3883 953 3958 Respondit
967 3897 998 3940 se
1012 3895 1088 3940 nuno
1102 3879 1133 3936 in
1147 3877 1276 3954 peregri-

107 3987 225 4054 natione
240 4007 303 4052 esse
318 3997 420 4052 etuou
435 3990 528 4052 solere
539 3990 661 4051 candido
673 3991 782 4064 vestiri,
793 3980 892 4048 nisiin
908 3985 1086 4064 mandabas
1101 3987 1276 4044 versaretur.

107 4097 167 4160 Sed
183 4103 342 4172 -euteqaam
361 4113 455 4158 sermo
478 4096 554 4155 inter
575 4110 628 4156 nos
647 4095 771 4172 longius·
784 4093 1023 4170 progrederetur,
1048 4094 1161 4152 mature
1182 4104 1278 4148 comes

107 4203 280 4276 Wilbelmus
294 4204 458 4264 missionem
472 4200 510 4264 ab
526 4202 659 4278 episcopo
673 4201 768 4277 petiit,
788 4216 872 4276 quem
894 4199 973 4260 ocius
988 4197 1157 4272 subsequuti
1171 4211 1276 4256 sumus.

107 4309 194 4372 Hunc
212 4309 369 4383 honorem,
399 4323 462 4370 cum
485 4323 531 4368 mc
553 4306 591 4368 ad
613 4323 720 4382 prunae
743 4285 903 4398 pontificiae
926 4301 1127 4378 cdefacerem
1150 4301 1211 4362 tum
1232 4316 1278 4368 re·

107 4417 231 4492 erce
666 4420 669 4428 ’
728 4479 730 4488 s
825 4423 828 4432 ·
1257 4443 1259 4452 ι
1321 4495 1326 4501 ,

198 4519 354 4600 &monem
378 4525 407 4588 ot
421 4504 576 4582 Emeetum
594 4518 724 4581 comitem
740 4532 759 4578 a
773 4513 981 4593 Sobaamberg,
995 4513 1102 4574 banos
1123 4525 1276 4590 pmmaucs

991 4623 1028 4680 ll
1046 4616 1063 4653 *
