3054 5110
671 415 716 484 15'

104 596 158 658 dux
171 596 254 660 verbi
270 613 337 660 csse
353 599 383 660 in
397 597 542 662 auditorio
556 599 594 662 ob
607 599 710 662 multas
725 613 827 662 causas
843 614 902 662 non
916 597 1050 664 audebat
1089 601 1173 664 Viam
1187 607 1285 690 mmcd

104 717 202 778 parere
220 704 302 781 epod
316 705 537 782 Marquardum,
552 706 707 766 comitante
721 706 816 782 ipsum
831 705 930 782 Floro,
946 707 1059 783 sategit.
1082 707 1179 770 Maior
1192 709 1282 770 inter·

103 811 219 886 mgavit,
239 827 313 872 nnm
329 813 431 874 sciram
446 811 475 874 d.
485 810 629 874 Bucernm
642 811 752 874 adesso.
780 809 928 888 Respondi
939 825 985 872 me
999 813 1114 888 qnidam
1128 808 1282 890 accepisse,

104 917 192 992 ipsum
206 915 255 976 bic
268 913 371 992 fuisse,
387 916 439 978 sed
453 931 601 978 recemum
614 915 850 992 Argentoratum.
873 915 914 977 dt
928 915 976 978 ille
992 918 1042 992 eit,
1058 917 1154 979 adhm
1167 919 1215 980 irio
1228 919 1278 980 de·

103 1022 142 1096 git
155 1025 185 1082 et
198 1037 307 1084 versor
321 1022 365 1082 illi
378 1021 488 1082 nnllam
502 1019 668 1084 mammam
682 1020 807 1084 abeundi
822 1039 874 1099 per
889 1022 1033 1085 Cesarem
1047 1025 1174 1087 concedi.

185 1126 335 1190 Molchior
362 1127 498 1213 carolum
518 1127 610 1188 llarst
642 1127 796 1190 eduensem
819 1129 1013 1192 consiliarium
1035 1129 1116 1192 adit.
1162 1129 1283 1193 Carolus

102 1231 184 1306 pado
200 1237 270 1308 post
284 1232 474 1294 Atrebatemi
488 1227 649 1296 adtemnm'
656 1235 792 1296 comitum
806 1234 1037 1298 Waldocsnsium
1056 1235 1209 1311 indicavit,
1233 1235 1284 1310 qni

103 1350 165 1396 mox
179 1338 388 1414 interrogavit,
402 1355 471 1400 num
486 1339 511 1399 is
527 1354 643 1413 quoque
657 1338 788 1417 adesset,
812 1343 862 1416 qni
876 1341 1019 1416 coloquio
1033 1341 1226 1404 ratisbonensi
1239 1343 1284 1401 in·

103 1439 255 1525 terinissat.
265 1443 329 1504 ¹Ait
344 1442 479 1506 Carolus:
498 1444 667 1520 omnesqui
682 1447 762 1508 citati
777 1451 845 1508 sunt
860 1445 978 1525 (nulus
992 1461 1096 1508 nomen
1110 1444 1284 1523 exprimens)

104 1546 213 1609 adsunt
251 1549 371 1611 Deinde
385 1549 473 1612 latim
486 1549 687 1613 scomensis
706 1569 771 1612 cum
790 1569 825 1615 eo
840 1549 991 1612 conterens
1009 1549 1082 1612 iniit.
1121 1539 1218 1626 Quare
1231 1551 1283 1614 do·

105 1653 169 1714 nini
181 1655 226 1714 tui
237 1657 365 1716 maxime
379 1655 425 1715 his
437 1655 615 1730 temporibus
630 1671 711 1720 arma
722 1658 840 1734 capiunt
851 1659 882 1718 in
896 1656 1087 1719 coloniensem
1098 1655 1284 1734 episcopum?

105 1755 259 1834 Respondit
275 1759 412 1826 Carolus:
429 1759 555 1822 Domo
570 1762 688 1840 praesul,
705 1763 764 1826 alia
778 1761 828 1825 det
839 1761 1013 1826 informatio.
1036 1762 1126 1839 Bene,
1140 1763 1222 1839 bene,
1238 1763 1283 1823 in·

107 1864 167 1938 quit
179 1867 349 1943 opiscopus,
365 1881 484 1928 necesse
498 1870 543 1928 est
559 1871 592 1928 nt
607 1881 639 1930 se
654 1873 823 1942 expurgent.
1377 1848 1380 1860 ’

187 1970 235 2032 Ad
253 1978 368 2034 sextam
388 1971 567 2034 boloniensis
591 1970 634 2050 (si
655 1971 799 2050 creditur)
817 1971 989 2048 taminatus
1008 1972 1116 2034 amem
1135 1971 1285 2036 adeundus

109 2078 180 2152 erat,
194 2076 247 2138 sed
261 2077 338 2140 nibil
352 2076 483 2140 effectum
496 2083 551 2139 cst.

189 2183 271 2245 Inter
292 2188 403 2246 sextam
423 2187 454 2243 et
467 2181 616 2256 septimam
637 2197 732 2242 eomes
754 2179 901 2245 aliassau
922 2187 952 2244 et
965 2182 1111 2247 Adrianus
1130 2183 1284 2246 aZertren
1411 2213 1412 2222 ι

110 2292 332 2360 apportaverunt
346 2288 393 2368 (nt
406 2288 492 2363 vulgo
506 2286 618 2364 dicunt)
634 2290 772 2363 scriptum
786 2291 982 2366 compromissi
996 2292 1072 2352 inter
1087 2289 1284 2352 Coloniensem

110 2393 138 2450 et
148 2409 208 2468 nos,
220 2395 358 2470 jubentes
369 2394 400 2456 id
409 2395 528 2470 perlegi,
545 2411 603 2468 qno
617 2394 656 2456 ad
669 2395 806 2456 mnndum
820 2396 908 2458 scribi
916 2398 1014 2476 possit
1026 2403 1057 2458 et
1071 2397 1172 2472 sigillis
1187 2411 1283 2457 oorro·

111 2494 215 2574 borani,
240 2499 321 2576 guod
339 2501 477 2576 scriptum
496 2517 583 2574 quam
601 2501 730 2576 iniquum
752 2507 783 2564 et
798 2501 934 2564 acerbum
948 2501 1050 2579 inerit,
1074 2509 1195 2566 euentus
1215 2501 1283 2564 edo·

112 2601 194 2681 sebit,
209 2606 262 2668 sed
279 2605 367 2686 (prob
383 2603 478 2681 dolor)
494 2607 592 2666 omnia
605 2607 692 2670 modo
708 2607 875 2670 devorantis
888 2615 964 2671 sunt.

194 2711 253 2774 Sub
274 2717 405 2773 comeam
425 2709 531 2772 iratres
551 2716 581 2772 et
596 2727 650 2786 ego
667 2711 749 2790 (num
769 2715 885 2777 Samuel
904 2715 1021 2790 aagotm
1041 2729 1073 2775 so
1093 2711 1285 2772 inormitate

113 2812 209 2892 noluit)
230 2816 440 2880 habitationem
460 2815 567 2876 domini
581 2815 771 2880 Maximiliani
791 2820 951 2882 archiducis
965 2819 1092 2894 adimus,
1112 2816 1219 2879 ibidem
1234 2831 1283 2876 ns·

113 2934 164 2992 que
176 2922 213 2984 ad
227 2940 335 2988 nonam
349 2923 450 2988 boram
465 2913 664 3002 expectantem
685 2922 802 2984 andem
817 2940 922 2986 uenere
936 2925 1135 2998 calamenses,
1151 2927 1181 2984 et
1195 2921 1225 2982 hi
1239 2922 1284 2982 in·

113 3027 314 3092 consciscat
328 3029 358 3088 in
372 3026 548 3099 auditorium
563 3033 594 3088 et
607 3029 693 3102 paulo
708 3033 776 3103 post
790 3043 842 3088 nos
856 3045 910 3104 per
923 3029 1075 3088 ostiarium
1088 3029 1165 3088 intro
1180 3027 1284 3087 vocab.

114 3126 170 3192 lllic
195 3135 431 3211 archiepiscopus
459 3133 629 3194 coloniensis
658 3149 712 3210 per
737 3132 909 3194 advocatum
939 3132 1083 3207 quendam
1110 3133 1141 3190 in
1162 3130 1286 3190 termino

114 3237 275 3301 mandatnm
288 3239 403 3316 poenale
417 3237 539 3314 produci
553 3237 636 3314 iecit,
653 3255 689 3303 ea
703 3243 799 3300 amen
813 3239 1007 3314 mitigatione,
1023 3243 1057 3298 ut
1071 3238 1238 3308 testaretur,
1254 3249 1286 3294 se

115 3352 161 3415 spa
176 3347 340 3409 concordia
358 3345 491 3420 pcdtioni
510 3345 686 3406 executionis
706 3345 792 3408 modo
812 3343 1015 3421 supersedero
1039 3344 1065 3406 si
1084 3349 1181 3410 tamen
1199 3355 1287 3402 cansa

116 3443 185 3509 inter
196 3457 310 3528 partas,
333 3450 438 3524 etjam
452 3453 578 3525 coeptum
593 3455 685 3526 esset,
706 3468 759 3526 per
779 3451 906 3513 arbitros
921 3456 952 3512 et
965 3452 1041 3512 mam
1056 3450 1102 3528 (ut
1114 3443 1285 3524 loquuntur)

117 3553 241 3618 amicitia
255 3557 377 3632 transigi
391 3559 454 3616 non'
464 3560 567 3631 queat,
591 3572 624 3616 se
638 3558 807 3634 protestari,
829 3559 923 3634 ipsum
937 3557 992 3616 boo
1005 3554 1082 3617 tacto
1096 3555 1155 3630 jun·
1170 3570 1222 3614 sno
1238 3567 1284 3613 ce·

118 3651 179 3719 ders
192 3662 282 3738 node,
305 3677 425 3737 rogans,
448 3665 482 3722 ut
495 3660 559 3722 hec
578 3661 620 3722 ita
639 3662 821 3737 perscribas
841 3667 1061 3724 annomrentur.
1099 3658 1242 3720 Praesides
1257 3662 1287 3718 ot

118 3764 259 3828 andium
273 3767 335 3828 hac
348 3767 391 3828 ita
405 3764 511 3826 ascribi
524 3771 555 3828 et
567 3767 675 3842 signari
686 3768 844 3842 jusserunt.
866 3766 915 3828 Ad
927 3767 991 3826 hac
1004 3765 1143 3840 magister
1150 3761 1287 3824 libarius

119 3861 214 3937 llorns
234 3870 316 3950 (nam
335 3871 423 3952 alium
444 3871 573 3932 nmaisai
592 3887 651 3933 non
670 3870 829 3948 potuimus)
848 3871 982 3934 breuibus
1002 3869 1166 3946 respondit,
1189 3873 1220 3930 st
1234 3881 1287 3928 nos
1402 3932 1404 3936 .

119 3969 277 4040 obedientes
303 3991 471 4052 comparere
492 3977 524 4036 in
542 3975 680 4052 termino,
693 3989 739 4038 'ao
758 3981 946 4052 posteaquam
973 3973 1137 4036 Coloniensi
1160 3973 1202 4034 sio
1223 3972 1285 4049 pla·

119 4083 215 4160 merit,
235 4070 294 4146 ‘nos
315 4082 392 4145 idem
411 4083 542 4158 recipere
561 4096 625 4151 cnm
648 4083 873 4157 protestatione,
896 4082 921 4141 si
943 4082 1090 4156 negotium
1108 4095 1162 4156 per
1181 4078 1288 4140 amicos

120 4181 230 4265 bandgi
244 4205 304 4251 uon
318 4189 419 4265 possit,
435 4192 469 4250 ut
482 4191 513 4248 'ct
527 4186 611 4248 nobis
621 4187 682 4262 jnri
696 4192 796 4251 nostro
811 4191 890 4248 stare
903 4177 1027 4249 liberum
1041 4185 1127 4261 foret,
1142 4183 1230 4259 idque
1245 4183 1288 4244 ric

120 4285 218 4363 lignani
231 4293 394 4369 petivimus.
418 4293 472 4353 His
487 4293 611 4367 peractis
626 4293 761 4367 numque
775 4291 924 4368 paelnlum
937 4292 1079 4355 abcedere
1090 4291 1164 4366 jassi
1178 4304 1285 4350 sumus.

198 4398 348 4474 Alagonia
363 4398 452 4472 igitur
466 4397 683 4461 coloniensibus
697 4413 750 4460 nos
764 4397 890 4458 revomti
904 4404 935 4459 et
947 4397 988 4461 ibi
1002 4411 1055 4486 per
1066 4393 1288 4479 marquardum,

120 4499 164 4570 iii
175 4509 240 4568 orat
254 4503 315 4567 dus
330 4501 423 4580 umbi,
442 4502 735 4593 nomineanditorum
746 4501 857 4570 ὀὶιιιιιιι
870 4509 924 4568 eat.
943 4503 1031 4578 Quod
1044 4501 1083 4566 od
1096 4515 1197 4564 causas
1210 4499 1289 4560 inter
