3046 5104
702 367 764 432 123

137 563 256 622 pascuae
273 553 331 605 tuoe
347 561 454 626 sumus.
477 549 608 622 Opater,
626 548 663 613 da
677 553 710 608 ut
723 555 864 619 amantem
885 554 915 608 te
928 550 1107 610 redamemus
1123 557 1153 610 et
1168 556 1196 609 te
1211 553 1310 612 timea-

139 668 213 710 mus.
253 651 301 710 Da
315 656 348 710 ut
358 653 442 726 juxta
458 670 561 732 nomen
582 658 662 712 tuum
683 654 774 712 sancti
789 655 892 740 simus,
916 651 1051 713 adveniat
1070 660 1099 713 et
1113 663 1267 716 renovetur
1281 659 1310 716 in

139 756 224 816 nobis
239 771 360 830 regnum
374 761 464 816 tuum.
489 757 698 817 Tua'voluntas
712 759 743 816 in
757 745 953 817 misericordia
967 757 1033 832 fiat,
1056 776 1092 818 nc
1113 777 1216 835 panem
1231 762 1311 822 verbi

140 862 197 932 tui,
224 877 282 934 quo
299 858 480 920 Germaniam
500 863 531 920 in
553 861 631 922 hisce
653 864 804 936 postremis
822 863 997 938 temporibus
1016 868 1076 922 tam
1097 865 1224 938 largiter¹
1236 865 1310 924 rel·

141 967 215 1038 cisti,
233 963 358 1024 auferas.
411 963 458 1026 Da
477 983 514 1026 ne
535 969 656 1040 penuria
677 955 862 1040 affligamur,
876 983 929 1026 nec
949 969 1071 1026 saturati
1091 969 1310 1029 recalcitremus.

140 1071 227 1130 Nosti
244 1071 320 1129 enirn
336 1069 405 1144 quid
420 1086 492 1142 opus
506 1071 670 1130 habeamus.
709 1072 828 1130 Dimitte
843 1071 926 1130 nobis
942 1071 1037 1132 debita
1052 1077 1159 1146 nostra,
1176 1089 1212 1132 ne
1228 1075 1311 1134 simul

100 1209 103 1214 -
140 1174 248 1249 perdas
264 1191 317 1234 nos
332 1191 395 1234 cum
410 1175 608 1248 iniquitatibus
623 1177 746 1250 nostris,
767 1176 909 1248 siquidem
926 1181 956 1234 et
970 1192 1022 1234 nos
1039 1177 1127 1253 (qnod
1142 1181 1265 1241 concede
1280 1187 1312 1240 ut

141 1297 177 1338 ex
193 1278 360 1355 cordefiat)
376 1277 553 1339 debitoribus
569 1285 598 1338 ct
612 1281 849 1356 persequentibus
865 1283 970 1340 nostris
985 1285 1163 1356 remittimus.
1198 1287 1244 1346 Ne
1259 1289 1311 1345 rios

139 1386 170 1444 in
185 1386 376 1444 tentationem
391 1384 517 1457 inducas,
528 1401 649 1458 quarum
664 1401 739 1444 nunc
749 1401 846 1444 omnes
855 1392 997 1446 terrarum
1007 1390 1106 1461 anguli
1120 1389 1220 1450 referti
1235 1397 1310 1463 sunt,

139 1488 194 1548 sed
208 1487 303 1546 libera
317 1475 369 1546 nos
385 1487 402 1548 a
417 1489 492 1548 malo
508 1505 570 1549 cum
586 1479 700 1564 animae,
725 1493 854 1566 corporis
878 1499 907 1552 ct
922 1493 1035 1566 dieram¹
1046 1494 1184 1552 malornm
1199 1496 1309 1555 horum.

140 1593 285 1667 Quoniam
299 1596 380 1650 tuum
395 1598 439 1650 est
453 1609 582 1667 regnum,
598 1595 772 1667 postliminio
788 1611 839 1654 nos
854 1596 906 1654 tibi
921 1613 1018 1656 assere
1032 1613 1049 1655 o
1065 1598 1187 1671 domine,
1202 1605 1311 1682 tuaest

140 1698 244 1770 virtus,
261 1701 391 1754 sustenta
405 1713 467 1771 nos,
492 1702 557 1756 tuus
574 1687 618 1758 est
631 1700 732 1772 honor,
757 1699 795 1758 da
809 1706 838 1758 te
854 1701 944 1759 solum
959 1701 1131 1762 honoremus
1147 1709 1176 1762 et
1191 1705 1311 1776 gloriam

140 1805 222 1860 tuam
238 1799 303 1858 daa
314 1801 397 1861 nobis
406 1792 585 1882 etssomnibns
601 1805 807 1882 promoverim
822 1809 999 1876 perpetuum.
1022 1805 1069 1864 Da
1083 1804 1196 1864 domine
1213 1823 1249 1864 ne
1264 1811 1310 1872 ie-

141 1905 262 1978 spiciaru
277 1906 372 1965 vultus
387 1907 527 1980 potentis,
548 1907 599 1966 sed
615 1906 652 1966 da
667 1908 697 1964 in
713 1893 745 1966 os
760 1907 829 1980 quid
843 1908 962 1981 loquar,
984 1914 1013 1966 et
1033 1909 1120 1966 labiis.
1131 1911 1201 1968 meis
1216 1916 1309 1970 custo-

81 1991 83 1995 ’
142 2007 220 2068 diam
237 2025 321 2082 pone,
338 2011 368 2068 in
384 2011 497 2069 nomine
513 2011 587 2069 enim
600 2015 652 2069 tuo
667 2011 750 2083 ejicio
765 2009 838 2068 rete.
1214 2089 1217 2094 Ι

233 2115 343 2172 Eadem
358 2114 396 2174 ad
419 2097 560 2174 octavam*
570 2115 600 2178 in
614 2116 761 2177 mansione
776 2116 939 2175 cancellarii
961 2117 1211 2176 caesaris'Antonii
1225 2119 1310 2178 Atre·-

142 2219 272 2278 batensis
287 2219 413 2293 episcopi
428 2233 480 2292 per
495 2218 678 2278 Leonardum
699 2220 741 2281 illi
762 2237 781 2278 a
795 2207 930 2280 cubiculis
951 2222 1028 2280 intra
1042 2221 1202 2280 cubiculum
1217 2224 1310 2303 uocati

142 2321 252 2396 snmus,
268 2323 316 2382 ubi
333 2340 349 2382 c
364 2325 487 2398 regione,
501 2325 594 2382 nostri
615 2327 694 2384 stetit
707 2324 907 2384 Atrebatensis
929 2327 1035 2400 praesul
1055 2331 1084 2384 et
1098 2327 1141 2384 illi
1154 2327 1311 2396 asinistris

126 2427 173 2486 d.
190 2426 341 2508 Philippus
365 2427 445 2486 Seldt
465 2429 722 2490 vicecancellarius.
761 2430 789 2488 Is
810 2444 892 2488 orsus
907 2435 950 2488 est
964 2430 1074 2502 dicere,
1095 2431 1309 2490 Reuerendissi-

142 2548 207 2590 mus
223 2538 254 2592 et
267 2532 500 2592 clementissimus
516 2533 645 2592 dominus
665 2549 744 2591 meus
767 2533 967 2593 Atrebatensis
979 2535 1059 2592 'mihi
1074 2537 1311 2620 generositatibus
1331 2535 1332 2540 ’

142 2637 365 2722 restris'dicere
386 2639 526 2712 injunxit,
557 2638 715 2702 Romanam
737 2653 891 2696 caesaream
910 2641 1087 2712 majestatem
1110 2657 1162 2713 per
1176 2656 1309 2700 reveren·

142 2739 292 2798 dissimum
307 2741 526 2802 Atrebatensem
542 2744 686 2816 accepisse
701 2758 751 2804 ras
767 2741 805 2800 ad
820 2741 982 2800 citationem
997 2742 1053 2800 huc
1071 2742 1229 2818 advenisse,
1243 2745 1311 2802 item

140 2821 566 2922 ‘excusationesrestrnqquas
581 2844 803 2920 protenderetis:
839 2846 946 2904 Verum
966 2839 1018 2904 sua
1037 2848 1170 2920 majestas
1191 2851 1245 2907 etsi
1259 2849 1310 2908 has

143 2951 343 3034 excusationes
363 2949 503 3022 audierit,
530 2967 586 3008 non
606 2955 702 3008 tamen
726 2965 785 3007 suae
805 2949 948 3022 majestati
968 2951 1012 3008 his
1033 2949 1209 3020 satisfactum
1224 2953 1309 3024 dicit.

142 3054 220 3132 Nam
240 3069 403 3126 quanquam
425 3054 629 3128 protenderitis
651 3069 701 3112 vos
722 3041 852 3112 subditos
873 3053 1020 3114 cattorum
1041 3056 1178 3128 principis
1198 3041 1312 3114 esse'et

142 3157 197 3238 sub
227 3157 432 3230 capitulatione
458 3157 690 3231 comprehensos,
726 3163 822 3216 tamen
848 3173 901 3216 ros
924 3164 954 3216 et
979 3159 1095 3218 comites
1117 3159 1229 3232 imperii
1253 3175 1311 3217 non

143 3255 301 3336 decuisse,
325 3267 357 3320 ut
381 3259 464 3320 obliti
492 3262 623 3334 honoris,
645 3261 798 3335 'dignitatis
823 3268 852 3321 et
879 3243 1019 3320 nominis
1035 3263 1211 3348 vestrl-*huic
1231 3264 1309 3336 prin·

142 3366 201 3441 cipi
215 3370 318 3452 contra
332 3381 468 3451 caesarem
489 3369 627 3440 pugnanti
649 3368 755 3449 auxilio
770 3369 879 3427 essetis.
932 3369 1014 3436 Licet
1027 3351 1144 3440 insuper
1157 3352 1241 3426 sacra
1256 3385 1309 3454 cae-

143 3486 228 3540 sarea
255 3471 390 3544 maiestas
411 3451 454 3541 ,ex
475 3473 667 3556 prothonollis·
681 3473 782 3546 judicii
806 3459 927 3532 camerae
948 3474 1110 3547 perceperit
1133 3475 1254 3548 comites
1278 3479 1311 3548 ¹et

142 3575 355 3648 landtgravium
380 3576 415 3634 de
440 3575 495 3634 hac
514 3578 684 3651 quaestione,
707 3577 813 3636 subditi
835 3580 933 3651 ejusne
948 3580 1006 3636 sint
1026 3595 1062 3636 an
1083 3548 1177 3651 seriis,
1209 3563 1309 3650 egisse.
1396 3559 1412 3576 '⁴

144 3681 254 3739 Verum
268 3684 413 3752 utcunque
428 3679 490 3738 haec
504 3696 550 3738 res
566 3697 597 3738 se
611 3681 728 3755 habeat,
764 3698 840 3741 nunc
855 3682 893 3740 de
905 3681 949 3738 his
969 3697 1021 3739 sua
1035 3683 1168 3754 maiestas
1183 3681 1310 3754 disputa·

143 3789 253 3846 tionem
269 3803 327 3844 non
341 3785 483 3858 instituet,
506 3783 557 3843 sed
571 3785 602 3842 in
616 3786 710 3844 medio
724 3785 876 3857 relinquit,
901 3801 936 3842 ea
949 3789 1046 3844 tamen
1060 3787 1137 3860 lege,
1154 3791 1186 3844 ut
1199 3784 1267 3844 fisco
1283 3791 1312 3844 et

144 3907 203 3948 suae
219 3891 363 3963 maiestati
383 3887 454 3947 nihil
470 3887 545 3962 J'nris
569 3889 736 3961 derogatum
756 3867 833 3947 velit.
873 3889 944 3946 Item
960 3889 1038 3962 quod
1052 3891 1090 3950 ad
1104 3871 1310 3950 absolutionem
1341 3965 1350 3978 θ

143 4007 197 4068 per
212 3995 344 4052 comitam
358 3993 555 4052 Rcinhar‘dum
570 4010 588 4052 a
604 3993 695 4052 Solms
711 3993 827 4064 attinet,
850 3994 880 4052 id
900 4011 958 4052 uon
972 3995 1057 4053 latius
1071 3991 1200 4067 tendere,
1226 4013 1311 4068 quam

144 4099 221 4172 quod
243 4083 430 4156 commissarii
447 4098 521 4170 jussi
540 4099 598 4156 sint
623 4115 709 4172 super
735 4097 789 4156 hac
808 4097 927 4156 ulterius
950 4115 1085 4158 caesarem
1107 4117 1235 4172 quaerere
1256 4105 1309 4160 etc.

133 4201 256 4260 ¹Horrim
272 4217 341 4274 ergo
356 4217 419 4258 cum
429 4201 510 4263 vobis
525 4204 709 4286 consciilsitis
722 4186 885 4274 etoonste‘t,
902 4195 1012 4260 onmem
1028 4203 1203 4278 dignitatem,
1220 4204 1309 4264 hono-
1390 4248 1402 4254 „

143 4321 205 4390 rem
221 4311 250 4362 et
262 4305 310 4376 jus
332 4305 421 4362 vestri
436 4307 592 4364 comitatus
615 4323 632 4365 a
652 4307 764 4364 nemine
783 4297 976 4380 preterquam
998 4307 1034 4366 ab
1049 4290 1221 4380 imperatore
1237 4308 1310 4367 deri·

143 4408 216 4481 vari,
233 4389 417 4480 quamobrem
432 4425 556 4484 caesarea
571 4410 707 4485 majestas
721 4411 828 4484 optimo
844 4404 895 4468 suo
907 4411 973 4484 jnre
985 4395 1146 4472 ababtibus
1161 4413 1236 4470 laesae
1251 4429 1310 4472 ma-
