3020 5112
687 449 751 516 221

120 631 184 710 quc
201 633 266 692 hacc
280 631 390 694 malitia
404 631 461 692 iliis
476 627 594 705 sufficit,
616 623 666 692 aut
677 631 773 696 ,solum
787 632 832 705 hi,
854 632 904 706 qui
919 631 1028 692 clunem
1041 631 1137 693 David
1154 633 1210 695 sibi
1225 625 1305 694 arro·

119 743 210 812 gent,
227 737 279 808 sed
293 737 324 796 hi
339 751 453 812 quoque
469 735 572 810 quibus
585 737 632 810 ius
647 753 782 812 magnum
797 739 874 797 necis
889 741 976 811 atque
991 737 1071 812 vitm,
1087 739 1175 796 maris
1190 739 1307 812 inquam

120 847 154 902 ct
170 848 263 902 terre
280 839 421 902 dedisti.l
442 841 602 915 Memento,
619 842 756 917 Domine,
773 842 1032 904 misericordiarum
1045 848 1159 902 tuarum
1174 845 1306 918 antiqua-

119 963 195 1006 rum
210 952 241 1008 et
255 948 368 1008 intuere
382 945 485 1008 facicm
497 947 603 1006 Christi
612 947 669 1011 tui.
692 948 749 1006 Vix
764 949 840 1006 enim
852 947 980 1022 'pugillus
995 963 1096 1007 manus
1111 948 1195 1008 unius
1211 962 1307 1009 sumus

121 1057 234 1113 contra
247 1057 357 1116 cnon
371 1053 529 1126 potentiam
543 1043 710 1126 pontificum
725 1056 753 1111 ct
767 1067 969 1126 perversorum
984 1052 1194 1114 Sodomitarum
1210 1053 1306 1116 multi·

121 1157 268 1218 tudinem.
297 1137 442 1218 'mamus
462 1145 557 1218 autem
577 1157 695 1218 verbum
710 1161 790 1217 tuum
811 1174 898 1233 super
915 1173 998 1218 omne
1019 1175 1120 1244 aurum
1135 1159 1262 1218 obrisum
1278 1164 1308 1220 ιι

122 1269 249 1324 cunctas
270 1263 395 1324 delicias.
433 1264 519 1322 Hunc
530 1250 607 1322 deus
626 1263 657 1322 in
671 1264 753 1324 nobis
772 1279 898 1324 amorem
917 1279 1039 1338 renova,
1063 1268 1096 1324 ut
1113 1263 1307 1323 custodiamus

122 1361 269 1430 mandata
283 1373 334 1428 tua
349 1367 458 1430 ebodio
473 1366 628 1430 habeamus
643 1385 742 1430 omncs
756 1370 817 1429 vias
832 1385 851 1428 e
865 1374 894 1430 ιι
911 1365 1030 1430 alienas.
1068 1369 1204 1430 chulos
1219 1370 1307 1444 igitur

122 1478 206 1549 tuos,
222 1489 240 1533 o
256 1474 335 1548 dens,
350 1475 440 1533 turris
453 1471 631 1534 fortitudinis
646 1463 772 1534 omniurn
785 1476 963 1550 sperantium
976 1476 1008 1534 in
1021 1480 1060 1550 ιι,
1075 1480 1195 1550 protege
1210 1479 1240 1535 ιι
1253 1489 1307 1534 uos

123 1579 159 1637 in
174 1579 249 1640 Jcsu
264 1578 378 1640 christo
395 1576 508 1639 domino
523 1583 622 1638 nostro
640 1584 670 1638 ct
684 1579 787 1654 spiritu
801 1585 851 1640 tuo
870 1586 970 1642 sancto
985 1581 1148 1655 consolare,
1170 1581 1307 1655 quiritis

124 1689 160 1744 et
174 1699 281 1759 regnas
297 1683 367 1744 deus
382 1685 475 1744 trinus
490 1688 520 1744 ιι
533 1699 606 1752 uuus
620 1684 697 1744 idem
714 1685 881 1746 benedictus
896 1685 927 1744 in
942 1687 1047 1746 secula.
1071 1685 1172 1746 Amen.
1256 1744 1258 1750 ,

220 1789 389 1851 Methodum
404 1794 498 1849 autem
521 1788 642 1876 docendi
664 1789 794 1850 dominus
808 1789 945 1871 Albertus
967 1796 1090 1864 servat,
1103 1790 1230 1864 qnamx
1250 1789 1308 1850 alia
1429 1815 1432 1829 .

127 1895 254 1956 docendi
265 1896 439 1971 simplicibus
452 1895 634 1956 commodior.
643 1889 748 1956 xPrimo
760 1897 837 1956 enim
845 1912 909 1956 cum
919 1895 1085 1970 suggestum
1098 1894 1306 1970 conscenderit,
1348 1943 1353 1948 .

123 2003 213 2077 jubet
226 2019 331 2062 nomen
347 2001 453 2060 domini
473 2002 615 2076 invocari,
640 2007 672 2062 ιιι
687 2001 769 2062 verbi
785 1979 920 2062 auditum*
930 2007 960 2078 ιι
974 2003 1181 2074 incrementum
1200 2001 1305 2076 impar-

127 2108 181 2167 tiri
196 2107 345 2183 dignetur,
362 2123 420 2182 quo
433 2106 504 2167 illud
518 2122 630 2182 quoque
645 2105 791 2168 audituros
805 2107 847 2168 ita
861 2103 894 2167 in¹
905 2121 956 2166 cor
970 2100 1166 2166 manamitte're
1181 2105 1305 2180 valeant,

128 2216 164 2272 ut
179 2212 226 2271 uel
244 2213 333 2272 semel
352 2231 415 2286 quac
435 2212 574 2274 docentur
594 2192 734 2288 incipiant
752 2211 858 2273 iacere.
896 2211 1010 2271 Deinde
1030 2227 1095 2284 quec
1115 2191 1308 2271 mctums'cst

130 2319 276 2395 praelegit.
314 2319 384 2378 Post
397 2319 548 2380 lectionem
562 2301 729 2380 breuissime
744 2335 882 2390 summam
896 2317 984 2380 totius
999 2313 1129 2377 lectionis
1145 2316 1306 2402 complecti·

131 2430 192 2484 tur.
229 2423 342 2510 Deinde
363 2424 502 2499 ostendit,
524 2430 594 2498 quot
611 2425 749 2487 doctrines
770 2426 816 2486 vel
835 2423 891 2486 loci
905 2425 944 2486 ad
964 2422 1181 2485 aedificationem
1196 2419 1263 2481 fidei
1278 2423 1308 2480 ιι

133 2530 202 2590 vitae
213 2530 356 2604 praelectis
371 2530 458 2610 insint
470 2530 671 2593 dilucidissime
681 2535 810 2604 enarret,
824 2547 859 2590 ac
870 2535 931 2590 tum
944 2529 1161 2592 demumtextus
1173 2523 1308 2606 explann·

133 2635 404 2695 tionemverbotim
428 2634 608 2710 aggreditur,
633 2652 666 2695 ac
689 2631 834 2709 postremo
861 2653 914 2712 per
934 2636 1049 2696 modum
1072 2635 1179 2714 epilogi
1202 2633 1307 2708 omnia,

135 2757 201 2816 qua
216 2739 327 2813 docuit,
345 2734 428 2814 qnasi
442 2741 473 2798 in
487 2737 651 2800 fasciculum
666 2741 782 2815 colligit.
990 2803 992 2808 Α
1168 2730 1174 2738 ’

224 2846 335 2906 Eadem
352 2839 546 2923 tristissimum
568 2846 686 2928 allatum
705 2850 750 2906 est
769 2846 904 2905 nondum
923 2852 953 2906 ιι
969 2846 1007 2906 ad
1022 2844 1136 2913 Gallum
1151 2845 1308 2904 Barretcrn

135 2967 172 3010 ex
183 2949 352 3026 Witeberga
374 2952 482 3028 scripta
501 2953 589 3010 missa
603 2957 685 3025 sunt,
710 2951 813 3026 quibus
828 2967 919 3026 cassu
934 2946 963 3011 ιι
977 2944 1237 3030 Witcbcrgcnsium
1250 2945 1264 2986 ²
1279 2953 1309 3009 ιι

134 3041 326 3132 Lypsensium
347 3057 542 3121 universitatis
564 3057 705 3130 theologis
723 3069 892 3122 consensum
906 3055 988 3116 illius
1007 3057 1085 3118 omni
1102 3059 1151 3130 pio
1172 3053 1308 3132 horrendi

134 3143 254 3220 Interim
270 3156 366 3237 exigit,
383 3161 502 3236 addens,
518 3162 543 3219 si
558 3162 614 3235 ipsi
629 3178 736 3220 morsm
752 3179 853 3236 gerere
863 3167 995 3237 renuant,
1010 3157 1082 3222 ferri
1094 3165 1123 3221 ιι
1133 3159 1219 3220 undae
1235 3173 1308 3232 pra·

133 3274 180 3337 ter
194 3265 322 3328 flammas
337 3253 438 3330 minas.
467 3269 540 3326 Item
554 3273 753 3350 argumentum
768 3267 867 3328 forme
879 3269 1044 3342 juramenti,
1062 3267 1140 3342 quod
1154 3261 1307 3326 sacrificuli

134 3374 287 3434 interimici
301 3379 440 3446 proestare
456 3372 592 3447 debeant,
609 3353 723 3446 quodue
737 3373 956 3436 Rudelstcdium
969 3373 1085 3436 missum
1101 3379 1154 3434 est.
1348 3427 1350 3431 ,

225 3479 387 3554 consurge,
404 3478 532 3554 domine,
553 3484 583 3538 ιι
598 3472 698 3540 cedros
713 3479 817 3540 Libani
832 3478 988 3554 confringe.
1282 3476 1288 3486 '

223 3584 328 3644 Allatas
344 3589 410 3644 sunt
424 3589 454 3644 ιι
467 3585 571 3645 litterae
587 3601 605 3642 c
620 3572 736 3644 doctore
751 3586 909 3646 Melchiorc
926 3586 1007 3645 Ossa.
1038 3583 1066 3644 A
1080 3569 1209 3657 prandio
1219 3581 1307 3644 (laro-

134 3673 180 3751 lus
195 3708 214 3752 a
227 3688 363 3750 Gleichen
379 3697 408 3750 et
422 3675 677 3764 Walpurgisuuor
694 3687 922 3762 Grauichfcldam
937 3693 1080 3764 repetunt.
1105 3723 1108 3729 -
1204 3691 1205 3696 ’

207 3797 339 3870 --Socrus
356 3784 552 3869 sigismundus
568 3775 744 3868 aGleichcn,
760 3794 902 3852 Hemicus
917 3809 935 3852 a
949 3791 1117 3852 Wildeuiels
1132 3797 1162 3852 et
1177 3791 1307 3853 Eubulus

136 3901 309 3966 aWaldeck
319 3918 382 3962 cum
396 3917 487 3963 uxore
500 3905 530 3960 ιι
542 3899 729 3966 sororibuset
740 3897 853 3959 filiabus
863 3899 984 3958 ioannis
992 3899 1112 3958 Hemici
1126 3885 1310 3981 abchwama·

134 4008 210 4086 burg
225 4009 315 4081 aprici
329 4007 457 4082 gramine
477 4006 569 4078 campi
591 4021 622 4064 sc
638 3995 820 4066 delectabant
838 4019 874 4063 ac
888 4004 918 4064 in
932 4005 1035 4064 Renne
1053 4001 1170 4065 fluviolo
1189 3997 1308 4064 cancro·

135 4129 200 4178 rum
214 4113 423 4174 multitudinem
436 4121 510 4186 pene
524 4115 605 4171 tanto
620 4108 736 4170 fluviolo
752 4109 889 4182 imparem
904 4125 1015 4183 cepere.
1083 4095 1085 4100 ’
1184 4101 1189 4106 ’
1245 4105 1248 4111 “

152 4225 164 4238 “
205 4214 209 4218 ”
224 4218 262 4303 vij
276 4215 535 4288 Juliimulierculae
550 4201 932 4298 antemeridiannmtempus
947 4202 1057 4288 balneis
1071 4217 1260 4294 insumebant,
1274 4221 1311 4278 ιιι

135 4303 259 4390 ἱιιιιιιιι
278 4324 442 4399 regionibus
462 4315 517 4388 boo
537 4338 631 4402 genus·
641 4320 707 4382 iere
726 4321 890 4395 aquaticum
910 4319 979 4396 quid
993 4315 1253 4397 habere-uidetur,
1276 4325 1311 4384 ιιι

263 4479 273 4514 .-
353 4479 364 4492 4
713 4459 729 4497 ᾗ
836 4428 838 4432 '

131 4573 134 4576 ·
211 4553 223 4602 1
243 4547 334 4603 Locis
352 4549 381 4604 iu.
399 4543 445 4602 der
462 4547 502 4602 hs.
573 4519 741 4632 laWitcb.
760 4559 787 4599 ιι.
802 4557 823 4598 s.
836 4559 867 4597 w.
914 4575 918 4582 ι
