3054 5110
755 459 801 530 37

179 647 301 723 virgine
324 647 492 721 incorrupte
513 644 690 724 desponsare
708 651 836 722 cuperet.
881 643 957 707 Nam
979 647 1005 706 ia
1028 649 1255 726 meretriculam,
1278 665 1364 727 quam

185 758 295 828 posset,
319 753 453 814 muliebri
474 751 590 826 mundo,
615 758 719 826 torque
737 769 836 827 aureo,
860 751 973 812 annulis
998 758 1027 813 et
1047 753 1186 827 ejusmodi
1200 770 1258 816 non
1272 759 1364 818 sulum

186 863 344 918 ornaturum
353 862 439 932 esset,
455 858 525 931 quin
541 862 571 917 et
581 856 699 932 insuper
713 858 847 920 laudibus
856 857 943 946 hujus
957 858 1124 934 pudicitiam
1137 877 1231 924 mores
1240 867 1271 924 et
1285 864 1363 937 quic-

187 963 261 1039 quid-
278 969 357 1024 esset
370 979 423 1038 per
438 963 592 1023 verborum
613 963 753 1038 ampullas
767 979 857 1039 proco
877 977 983 1038 magna
996 963 1125 1026 facturus
1139 967 1185 1026 sit
1223 967 1281 1029 Ubi
1294 983 1365 1030 vero

186 1070 276 1130 miser
296 1067 461 1143 Glycerium
481 1065 553 1127 iliud
576 1066 700 1142 duxerit,
721 1069 886 1130 habiturum
908 1082 974 1128 eum
995 1075 1026 1130 et
1047 1075 1173 1132 scortum
1187 1077 1217 1132 et
1230 1078 1364 1135 metanea

187 1191 257 1235 eum
271 1175 413 1262 torquati.
450 1173 515 1248 Hie,
532 1173 635 1249 inquit,
655 1173 739 1235 nubis
758 1174 840 1235 dulce
855 1174 1023 1250 praecinitur
1041 1176 1139 1237 melos.
1178 1178 1210 1238 Si
1223 1181 1319 1240 autem
1333 1179 1364 1240 in

187 1282 338 1356 proposita
352 1280 589 1355 consenserimus,
604 1280 745 1354 preclara
760 1279 874 1354 quidem
888 1295 936 1340 res
951 1285 1004 1355 eet,
1019 1297 1068 1341 res
1083 1287 1196 1342 nostras
1218 1298 1283 1342 cum
1296 1287 1361 1344 tan·

187 1394 285 1448 torum
298 1386 460 1461 principum
473 1385 572 1460 regnis
587 1389 616 1445 et
629 1385 856 1460 possessionibus
872 1401 935 1446 esse
949 1387 1055 1446 unitae.
1078 1387 1186 1447 Verum
1200 1390 1361 1450 successivo

186 1499 320 1568 tempore
334 1496 435 1552 nostra
448 1491 638 1564 insumentur,
654 1495 684 1550 et
693 1491 723 1550 si
738 1491 806 1564 quid
820 1490 934 1550 adversi
947 1491 1113 1567 regionibus
1127 1491 1269 1554 dicturum
1282 1495 1364 1570 prim

186 1599 284 1674 cipum
299 1595 443 1670 acciderit,
459 1612 513 1656 nos
526 1595 583 1654 illis
602 1595 736 1669 presidio
759 1600 790 1655 et
807 1594 967 1656 defensioni
988 1613 1052 1658 esse
1073 1598 1225 1674 oportebit,
1249 1595 1280 1658 'et
1300 1603 1362 1661 tum

173 1706 313 1780 ‚primum
334 1700 504 1776 sentiemus,
528 1699 609 1760 nobis
632 1701 750 1762 laudato
769 1706 865 1762 scorto
886 1699 981 1762 lucum
999 1699 1114 1764 lacum.
1159 1703 1255 1778 Atque
1274 1705 1362 1766 miser

187 1808 345 1871 monachus
361 1807 415 1866 hoc
428 1806 570 1866 mercedis
585 1821 637 1866 suo
647 1807 714 1881 joco
735 1812 786 1866 aut
800 1810 1013 1883 conparatione
1033 1810 1129 1884 potius
1144 1815 1245 1870 nactus
1259 1815 1314 1886 ast,
1329 1817 1363 1872 ut

187 1921 219 1976 et
232 1915 313 1993 apud
326 1911 685 1990 potentes‘traduoeretur,
711 1929 746 1972 ac
760 1912 858 1972 (iasar
877 1913 920 1972 illi
935 1911 1066 1974 derbem
1080 1913 1111 1972 in
1125 1919 1269 1976 conventu
1282 1916 1362 1992 prin·

187 2022 285 2096 cipum
309 2037 363 2095 pro
388 2035 468 2080 mure
489 2019 620 2093 praebere
641 2018 865 2079 dissimulaverit
883 2033 917 2078 ac
937 2021 1021 2079 terve
1040 2020 1110 2079 sotis
1132 2021 1226 2095 ipsum
1239 2021 1361 2082 intuitus

187 2129 235 2186 rit.
259 2125 392 2188 Meretur
405 2129 502 2185 tamen
517 2125 541 2182 is
556 2122 721 2197 monachus,
738 2123 944 2198 qualiscunque
958 2126 1005 2201 sit,
1028 2125 1113 2201 hujus
1128 2123 1238 2186 consilii
1253 2143 1272 2187 a
1286 2125 1359 2187 Ger·

188 2232 399 2292 manismerito
413 2231 545 2307 gratiam.
589 2229 809 2304 Verendumque
823 2229 890 2290 olim
904 2245 957 2291 suo
970 2230 1047 2304 malo
1062 2226 1244 2292 Germaniam
1259 2247 1361 2310 exper-

185 2343 293 2414 turam,
308 2333 378 2412 quid
391 2336 515 2398 voluerit
528 2336 575 2395 hic
589 2335 688 2396 abbas.

277 2443 345 2503 xxvi
359 2440 468 2516 Aprilis
491 2442 522 2500 in
545 2442 652 2516 templo
666 2439 812 2502 Minorum
830 2442 893 2502 loeo
913 2444 1119 2503 matutinarum
1138 2459 1256 2518 precum
1271 2459 1359 2519 quen·

186 2550 254 2611 dam
276 2532 383 2624 populo
404 2548 503 2620 aliqua
524 2563 562 2636 ex
579 2547 738 2623 Evangeho
761 2547 883 2608 loannis
902 2550 1106 2624 praelegentem
1128 2553 1159 2610 et
1173 2555 1361 2624 exponentem

187 2651 341 2717 cohadone
350 2653 558 2728 seripturarum
572 2650 740 2714 audivimus.
764 2653 964 2727 Interreliqua
974 2655 1033 2732 ait:
1045 2645 1104 2727 'Qui
1113 2669 1145 2714 se
1154 2654 1248 2715 Deum
1262 2671 1361 2716 amare

186 2760 339 2836 gloriatur,
355 2773 419 2816 eum
435 2758 521 2817 etiam
535 2762 565 2817 et
579 2773 679 2817 manus
695 2763 725 2818 et
739 2774 789 2819 cor
804 2776 823 2820 a
836 2759 913 2820 vitiis
925 2737 1077 2819 'continere
1090 2758 1225 2835 oportet*
1333 2819 1336 2826 ,

278 2863 390 2925 Eadem
404 2862 474 2922 mihi
487 2862 697 2938 horologioium
711 2879 776 2925 eum
785 2861 870 2924 theca
883 2862 954 2924 foria
969 2863 1108 2924 deaurata
1121 2879 1175 2940 pro
1187 2867 1227 2926 18
1242 2861 1362 2935 thaleris

188 2971 364 3047 comparavi.
397 2968 470 3044 Legi
492 2975 522 3028 et
534 2959 736 3044 purgationem
759 2970 852 3030 nostri
871 2969 907 3030 dc
926 2955 1070 3043 colloquio
1084 2969 1361 3060 Ratisbonensiflper

101 3125 103 3129 ,
187 3076 332 3137 Bucercm
346 3074 546 3149 conscriptam.

277 3181 388 3241 Eadem
402 3197 461 3241 una
475 3195 574 3241 omnes
589 3185 709 3254 excepto
718 3183 824 3257 nepote
838 3178 992 3254 hospitium
1006 3177 1167 3240 archidueis
1175 3178 1360 3241 visitavimus.
1408 3191 1414 3200 '

187 3287 259 3348 (ium
283 3292 378 3348 autem
402 3285 441 3346 ad
465 3286 568 3346 atrium
588 3285 689 3346 domus
708 3287 896 3358 venissemus,
922 3285 1016 3346 edocti
1035 3283 1073 3344 ab
1093 3283 1362 3348 anteambulonibus

188 3411 296 3470 sumus,
312 3373 494 3452 archiducem
509 3406 619 3475 summo
634 3375 722 3452 mane
733 3393 830 3453 nescio
853 3407 910 3467 quo
925 3392 1039 3454 abiisse.
1077 3388 1173 3452 Aedes
1187 3391 1277 3468 igitur
1291 3406 1360 3451 can·

186 3491 299 3562 cellarii
319 3497 520 3584 Atrebatensis
542 3497 728 3571 frequentare
747 3499 839 3557 visum
862 3502 915 3562 cst.
962 3497 1022 3558 Ubi
1045 3496 1113 3558 dnm
1132 3498 1162 3561 in
1181 3513 1252 3558 area
1272 3497 1361 3558 curie

188 3610 296 3667 shatcs
311 3605 423 3682 lapides
437 3605 577 3678 trivimus,
598 3609 759 3678 opportune
773 3603 884 3678 Vighns
905 3603 997 3665 adest.
1035 3603 1120 3663 Hunc
1133 3602 1264 3666 Eubulus
1278 3607 1363 3677 rogat

186 3718 229 3787 ut,
246 3712 272 3771 si
285 3713 328 3771 ita
342 3725 435 3771 sermo
450 3691 593 3784 inciderit,
615 3708 844 3770 recordationem
863 3709 960 3769 nostri
969 3686 1047 3784 apud
1067 3708 1232 3784 episcopum
1245 3707 1361 3783 habeat,

188 3817 240 3892 qui
254 3815 316 3877 iere
330 3821 397 3892 post
410 3815 511 3877 horam
526 3813 625 3874 abiens
638 3815 695 3888 ait,
720 3830 773 3874 nos
794 3799 880 3874 isthic
892 3809 964 3874 nihil
987 3811 1102 3874 efficere
1116 3827 1211 3889 posse,
1234 3817 1361 3876 attamen

186 3939 218 3983 se
233 3925 340 3982 ncstroe
355 3937 449 3981 cause
465 3920 638 3979 mentionem
653 3917 764 3978 iecisse.
880 3939 890 3944 ·
1160 3931 1162 3938 ’

271 4027 403 4117 loannes
425 4009 517 4086 irater
540 4029 572 4084 et
593 4023 709 4084 Samuel
731 4037 821 4120 nepos
843 4037 909 4084 cum
936 4022 1060 4083 electore
1081 4021 1196 4085 Juanne
1214 4022 1363 4086 Friderico

185 4133 287 4209 pransi
301 4115 377 4214 snut.
732 4207 752 4218 ,1
783 4167 786 4172 ,
892 4189 900 4198 ,

276 4237 303 4298 A
317 4235 441 4314 prandio
452 4235 583 4308 Eubulus
592 4235 771 4321 licentietum
778 4235 843 4296 Nic.
852 4233 948 4298 Maier
954 4222 1091 4310 visitavit,
1104 4234 1154 4310 qui
1163 4235 1257 4312 ipsum
1265 4234 1365 4296 huma·

187 4344 305 4404 nissime
320 4341 471 4419 exceptum
486 4342 518 4400 in
531 4339 659 4402 museum
676 4327 759 4430 suum
774 4340 943 4416 introduxit,
959 4340 1037 4416 quod
1059 4345 1124 4402 erat
1137 4341 1219 4402 varia
1233 4341 1364 4417 egregia·-

187 4465 244 4525 que
264 4449 403 4510 librorum
436 4447 611 4522 supellectile
631 4445 778 4508 refertum.
821 4449 852 4508 Is
871 4463 986 4522 quoque
1004 4462 1058 4506 nos
1072 4444 1180 4534 libello,
1204 4446 1251 4504 cui
1264 4445 1365 4506 titulus

189 4555 286 4618 Series
308 4561 339 4618 et
352 4553 477 4632 digestio
491 4557 652 4632 temporum
666 4559 696 4616 et
708 4567 806 4616 rerum
821 4557 875 4617 ete.
888 4551 929 4616 ab
942 4551 1070 4615 Hemieo
1083 4549 1362 4628 Bullingeroelueu·
