3046 5104
671 423 744 494 its

103 614 181 686 tur,
207 623 300 685 quare
322 623 379 670 non
399 605 545 670 comodis?
575 607 607 671 Si
625 613 722 670 antem
742 623 801 670 non
822 614 905 685 potes
929 607 1024 672 udbnc
1042 627 1104 689 pre
1126 611 1294 677 iufirmitote

112 715 197 792 fidei,
214 715 341 778 oleribus
356 729 473 779 vescere
494 719 527 776 ot'
542 731 579 776 ne
598 715 708 776 indices
729 731 793 776 oum
809 715 859 790 qui
874 712 988 776 christo
1007 718 1106 778 vivens
1120 719 1296 793 quibuslibet

91 823 254 886 ‚rescitur
282 820 363 882 Nihil
377 821 453 882 enim
468 819 530 880 broc
544 819 582 882 ud
597 821 718 882 salutum
732 819 850 882 fuciunt.
888 805 1002 882 Deinde
1016 826 1047 882 et
1060 822 1195 898 gentilem
1209 833 1291 886 coar·¹

111 929 334 1005 gneus-iuquit:
351 927 397 988 Tu
411 943 463 987 cur
479 926 602 1002 despicis
617 924 757 988 iratremi
774 924 870 1002 (quusi
884 921 987 1002 dicut),
1004 943 1072 987 num
1086 927 1192 989 oblitus
1206 945 1247 1005 es,
1262 937 1292 992 ts

111 1049 181 1095 esso
195 1030 420 1094 mutremludaei
435 1030 597 1094 confitentis
606 1029 770 1092 Christum
785 1029 857 1091 Cum
872 1036 902 1092 et
916 1032 941 1092 is
956 1047 1038 1108 aeque
1053 1048 1088 1093 ao
1102 1037 1135 1094 tu
1149 1034 1179 1094 in
1192 1050 1290 1096 numo·

110 1153 181 1199 rum
206 1139 363 1206 electorum
390 1137 498 1197 ascitus
521 1137 574 1211 sit,
604 1135 733 1211 nunquid
756 1149 813 1196 uon
834 1137 888 1198 tibi
915 1134 1007 1198 buter
1032 1143 1077 1200 ost
1097 1141 1128 1199 in
1154 1140 1290 1202 domino?

111 1243 256 1320 Numquid
282 1248 405 1317 uterque
433 1246 561 1304 resmnm
586 1241 763 1304 solummodo
788 1247 881 1304 morte
904 1239 1011 1305 Christi
1039 1244 1216 1306 salvabitur?
1244 1246 1291 1308 An

112 1351 216 1426 magni
230 1348 341 1423 uliquid
354 1353 386 1408 te
400 1345 502 1408 fecisse
517 1351 616 1422 putam
633 1349 657 1408 si
671 1347 805 1409 carnibus
821 1354 850 1408 ot
864 1347 934 1410 cibis
948 1349 1044 1410 vetitis
1065 1351 1142 1410 vesci
1156 1350 1292 1412 noueris?

112 1455 205 1516 Parvi
220 1453 336 1516 domiuo
351 1453 480 1528 interest,
506 1468 577 1528 quos
592 1452 671 1514 mbos
686 1453 840 1516 manduces
855 1457 906 1514 aut
919 1471 978 1516 non
992 1453 1156 1532 manduces,
1172 1457 1224 1519 sod
1237 1459 1293 1520 bc'c

115 1553 245 1637 isquirit
259 1576 278 1620 o
291 1565 331 1635 te,
347 1563 380 1620 ut
395 1559 478 1620 donis
499 1563 528 1620 et
548 1558 623 1620 datis
637 1575 702 1620 cum
724 1560 882 1634 arctim
896 1561 1009 1622 oudone
1022 1559 1129 1626 bueus
1144 1578 1179 1624 oc
1191 1562 1292 1624 iisdem

116 1684 177 1730 non
192 1665 324 1728 abuturis
337 1671 393 1726 eto.
432 1664 585 1740 lupetius
600 1665 695 1726 auium
709 1669 803 1724 tecum
817 1665 946 1741 recolite,
963 1667 1042 1741 quod
1057 1683 1111 1744 pro
1125 1673 1214 1730 temet
1228 1669 1292 1746 ipso

113 1771 179 1834 Deo
201 1771 344 1832 rationem
363 1769 530 1832 redditurus
555 1775 703 1832 eteorum
721 1769 860 1830 tribunali
882 1769 989 1831 Christi
1010 1772 1152 1834 sistendas
1167 1776 1216 1850 sis,
1239 1774 1290 1835 ubi

116 1893 183 1938 uum
197 1877 363 1938 steterimus
378 1877 409 1936 in
423 1874 470 1936 die
484 1875 534 1936 illa
546 1872 663 1950 iudicii,
684 1875 709 1933 is
728 1889 814 1934 verus
834 1880 977 1936 scrutator
990 1891 1106 1953 renum,
1129 1879 1176 1940 cui
1190 1885 1292 1954 putent

113 1981 289 2046 abscondita
303 1981 449 2054 cordium,
473 1979 556 2042 nolo
571 1981 666 2044 omnia
682 1979 863 2066 dijudicabit,
880 1977 1029 2056 proferens
1044 1997 1102 2055 quo
1115 1979 1172 2044 fida
1186 1984 1292 2060 singuli

113 2089 232 2166 singulo
246 2086 380 2162 iecerint,
405 2091 467 2146 tum
482 2086 559 2162 dico,
581 2101 644 2146 cum
659 2103 748 2163 ugnos
762 2086 799 2146 ab
813 2085 903 2147 nodis
917 2085 1034 2147 diridet.
1071 2087 1126 2148 His
1139 2086 1224 2164 dicet,
1239 2104 1288 2149 vo·

114 2197 187 2270 nite,
202 2193 269 2269 illis,
284 2194 334 2254 ito.
372 2191 440 2252 Istis
462 2191 583 2266 scilicet,
608 2192 659 2266 qui
678 2207 755 2252 nunc
773 2191 868 2254 omnia
887 2190 1048 2266 dijudicent
1068 2209 1103 2254 oc
1123 2193 1288 2255 seluthirci

114 2305 285 2377 montuosus
299 2298 407 2374 possim
421 2297 520 2358 obvios
536 2313 665 2373 quosque
679 2303 782 2374 petunt
796 2303 849 2358 eto.
885 2297 925 2358 Et
939 2297 1074 2360 debemus
1088 2296 1218 2376 proiecto
1232 2297 1290 2362 iru-

117 2413 197 2468 trum
216 2401 413 2465 infirmitatem
431 2403 574 2464 sustinere
593 2403 624 2464 in
644 2404 693 2478 iis,
717 2419 781 2478 qum
801 2408 902 2465 contra
922 2400 1009 2465 iidem
1027 2421 1086 2466 non
1105 2401 1186 2467 finnt.
1224 2403 1292 2466 Non

115 2513 195 2574 euim
209 2509 370 2586 periculum
385 2511 430 2568 est
443 2507 489 2567 his
503 2507 550 2568 vel
564 2507 620 2568 illis
635 2509 706 2570 cibis
716 2509 802 2584 uesci,
818 2509 871 2571 scd
885 2524 949 2568 oum
963 2509 1136 2587 lurconibus,
1152 2501 1291 2572 lielluoni·

114 2617 180 2692 bus,
196 2615 316 2678 moecms
332 2613 521 2689 commisceri,
536 2612 592 2674 hoo
606 2621 755 2690 peccatum
770 2620 822 2674 est
860 2614 990 2679 Adduxit
1003 2622 1033 2676 ct
1046 2616 1140 2678 locum
1154 2613 1240 2676 Pouli
1254 2629 1291 2678 ex

104 2721 247 2784 ¹Corinth.
267 2718 434 2796 1.‚epistolu
448 2735 510 2792 oap.
528 2719 558 2778 8.
595 2718 647 2778 Ait
667 2725 778 2793 autem,
800 2719 825 2778 si
847 2719 877 2780 iu
897 2719 1064 2796 adiaphoris
1078 2721 1180 2796 religio
1195 2723 1288 2783 cousi-

114 2832 218 2902 storet,
234 2823 366 2902 motato
380 2823 490 2886 nosco
502 2827 632 2885 mmmm
647 2829 692 2884 est
706 2814 858 2886 cursous
875 2824 967 2885 Missa
980 2823 1219 2900 igiturnoiamns
1233 2820 1291 2890 isto

113 2932 227 3010 judicio
240 2935 271 2992 et
285 2931 385 2992 demus
399 2945 519 3006 oporam
532 2936 566 2990 ot
580 2927 640 2991 iide
653 2936 683 2990 et
696 2930 821 3004 purimte
836 2929 931 2990 cordis
950 2932 1082 2999 instructi
1102 2947 1235 3007 supremo
1248 2925 1292 2994 illi

113 3037 206 3114 judici
220 3036 363 3097 rationem
377 3033 498 3096 reddere
513 3049 659 3109 queamus.
685 3029 733 3094 De
747 3034 861 3108 reliqua
875 3039 969 3126 textus
984 3039 1068 3110 purte
1082 3035 1122 3095 ad
1136 3036 1212 3096 diem
1226 3038 1291 3098 sab·

116 3144 179 3206 bati
193 3158 226 3202 so
239 3141 381 3204 dicturum
395 3140 514 3216 recepit.
924 3157 926 3160 ·
1248 3181 1252 3188 -

206 3247 235 3306 A
249 3246 386 3308 concione
400 3245 560 3319 Samuelem
574 3251 708 3322 nepotem
722 3249 852 3306 nostrum
862 3243 1040 3326 'jentaculum
1057 3246 1089 3305 in
1102 3245 1226 3320 hospitio
1240 3261 1288 3307 su·

116 3357 242 3414 mentem
256 3352 355 3428 reperi
370 3357 400 3412 et
412 3365 480 3412 mox
493 3351 549 3411 sub
562 3351 663 3414 horam
677 3367 782 3413 nonum
797 3350 918 3412 eundem
937 3349 975 3411 ad
989 3348 1062 3425 Lyci
1075 3367 1168 3425 usque
1181 3348 1290 3413 fluento
1409 3338 1412 3344 ’

117 3457 314 3537 proiecturum
344 3459 379 3518 in
402 3459 526 3534 patriam
546 3457 730 3534 deduximus,
758 3437 928 3534 prosperum
950 3458 1007 3518 iter
1028 3461 1058 3516 et
1076 3457 1173 3519 omnia
1195 3455 1291 3518 inusto

117 3565 175 3641 ipsi
188 3568 351 3640 precantes,
366 3563 549 3639 injungentes
569 3580 632 3639 qum
653 3565 730 3640 ostri
744 3563 878 3640 Philippo
900 3563 992 3623 nostri
1005 3563 1118 3623 nomine
1132 3561 1241 3622 diceret
1254 3579 1290 3622 ao

119 3670 225 3747 eidem,
241 3668 320 3746 quod
332 3670 462 3746 nuncius,
479 3685 564 3745 quem
578 3676 646 3732 unte
660 3668 816 3730 ffiscessum
831 3685 913 3728 suum
928 3665 1141 3741 amandaverat,
1164 3666 1290 3732 nondum

117 3790 253 3837 serenus
267 3773 381 3850 fuerat,
408 3791 514 3836 aureos
536 3776 638 3851 viginti
659 3779 759 3836 mutuo
782 3753 936 3849 dedimus,
952 3772 1108 3833 Waldeciae
1126 3770 1289 3848 'recepturi

118 3870 198 3958 quod
212 3884 242 3940 et
255 3880 332 3942 bona
346 3879 404 3942 fide
418 3877 525 3942 factum
539 3885 593 3940 est.
622 3880 797 3955 &gerimus
813 3893 926 3954 quoque
934 3877 1064 3938 *modom
1078 3882 1111 3937 ut
1124 3876 1222 3938 uxoris
1236 3858 1298 3938 noss.

118 3993 189 4048 strae
203 3990 234 4046 et
246 3983 344 4046 filiole
359 3985 539 4060 catherinae,
562 3985 644 4060 cujus
658 3985 838 4062 baptismatis
860 3987 1008 4058 susceptor
1022 3971 1091 4059 tuit,
1114 3998 1211 4043 curam
1226 3998 1290 4045 oum

119 4095 183 4152 tota
198 4091 325 4168 dinastia
339 4097 440 4152 nostra
454 4092 509 4152 sibi
523 4091 748 4152 commendatam
763 4103 826 4150 ease
840 4091 918 4151 velit.
950 4088 1060 4150 Obtulit
1074 4093 1218 4165 practerea
1231 4093 1290 4150 tam

118 4213 174 4276 per
186 4197 329 4258 loannem
343 4196 454 4261 Harum
477 4198 553 4280 iili-a
567 4197 699 4272 seeretis,
723 4213 809 4272 quam
831 4213 883 4271 per
905 4197 1119 4273 semetipsum,
1140 4195 1166 4255 si
1181 4209 1291 4256 summu

118 4303 297 4381 munitum
314 4319 401 4378 quum
415 4317 506 4364 cesar
520 4317 539 4363 a
553 4303 636 4364 uobis
651 4303 790 4378 erigeret,
813 4302 904 4362 minui
917 4319 976 4364 non
989 4307 1096 4378 posset,
1112 4317 1166 4362 nec
1178 4305 1291 4377 patrem

120 4412 177 4473 neo
200 4425 232 4470 se
253 4409 323 4470 mibi
345 4405 525 4486 damianum,
549 4425 607 4486 quo
630 4409 722 4472 lovios
742 4425 778 4469 ea
802 4423 911 4469 summu
932 4407 1142 4470 corraderetur.
1180 4406 1292 4468 Pnater

120 4518 184 4580 bec
197 4515 284 4593 petiit
296 4518 330 4581 ut
351 4513 483 4577 omnibus
505 4512 617 4577 viribus
634 4515 665 4576 in
679 4513 735 4579 hoc
748 4515 912 4580 incumbere
925 4513 1029 4590 velim,
1050 4529 1089 4574 ne
1102 4527 1160 4588 qua
1174 4512 1292 4573 comita-
