3054 5110
709 451 753 549 ιι

138 637 253 700 habens
267 652 502 699 carnemrnovam
522 635 702 699 brachiorum
725 642 755 698 et
769 653 893 726 crurum,
914 636 982 698 licet
1002 635 1089 699 lacios
1103 639 1231 703 noudum
1245 638 1322 702 satis

138 747 216 806 osset
229 745 354 820 integra.

229 849 255 909 0
271 849 395 925 domine,
411 865 477 910 ossa
491 849 639 912 humiliata
649 849 687 910 da
696 849 834 924 exultant,
849 861 924 924 poue
938 845 1097 908 custodiam
1106 850 1151 910 ori
1162 867 1226 912 meo
1241 857 1272 912 et
1285 853 1316 912 in

139 957 265 1018 veritate
282 954 375 1016 deduc
389 969 443 1014 me.

230 1060 281 1120 xix
294 1058 402 1132 Aprilis
426 1059 492 1120 dum
508 1057 710 1132 wandelinus,
732 1058 867 1120 Liberius
887 1063 917 1118 et
931 1059 1029 1119 catari
1050 1057 1081 1118 in
1101 1057 1226 1120 medium
1246 1061 1316 1135 quid

139 1181 214 1240 opus
229 1162 309 1225 hctu
324 1165 363 1224 sit
377 1164 557 1239 consultant,
579 1167 721 1238 oportune
741 1163 948 1239 Burgkhardue
967 1165 1084 1225 nundus
1103 1169 1203 1224 noster
1224 1167 1314 1243 seuit,

139 1269 241 1332 literas
265 1287 285 1330 a
306 1268 422 1330 domina
440 1274 548 1343 matre,
569 1271 707 1328 uxorcula
730 1275 760 1330 at
779 1269 926 1331 sororibus
941 1271 1004 1344 ejus
1026 1283 1080 1329 uec
1094 1285 1154 1330 uon
1168 1287 1186 1330 a
1200 1267 1316 1331 Joauna

140 1373 279 1436 Galacteo
301 1379 331 1434 et
346 1373 513 1434 Hermanno
527 1374 622 1435 Nellio
638 1373 779 1448 Sperante
793 1375 832 1434 ad
847 1393 899 1436 nos
914 1391 931 1435 e
951 1377 1048 1450 patria
1062 1371 1203 1435 deferens.
1241 1375 1314 1436 Item

141 1479 244 1540 literas
259 1479 372 1538 comitis
386 1477 546 1538 Reiuhardi
560 1495 579 1539 a
593 1479 686 1539 Solms
701 1479 739 1540 ad
753 1496 806 1541 nos
820 1497 902 1556 unas,
917 1480 954 1564 ad
970 1479 1058 1541 iillum
1073 1467 1228 1539 Erne'etum
1242 1493 1314 1565 unm

139 1589 169 1644 et
183 1583 224 1644 ad
238 1583 363 1658 Viglium
379 1584 494 1643 alteras.
536 1583 607 1664 Item
623 1583 800 1646 Elisabethas
821 1585 941 1646 ducissa
956 1585 992 1644 de
1015 1584 1202 1660 Brnnschwig
1217 1592 1247 1646 et
1260 1585 1312 1646 do·

139 1691 225 1750 minse
240 1689 277 1758 de
292 1687 467 1763 Henneherg
481 1694 512 1748 et
525 1690 635 1749 comitia
650 1689 796 1764 Popponia
810 1681 919 1766 scr‘npta
933 1689 972 1749 ad
985 1691 1184 1751 Marchionem
1197 1691 1313 1750 Electo-

139 1810 210 1855 rem.
235 1791 322 1854 Domi
338 1795 434 1854 omnia
447 1795 535 1854 salva.
559 1794 623 1854 Deo
633 1801 692 1870 opt.
708 1811 783 1854 mar.
800 1797 990 1868 sempiternus
1005 1794 1099 1856 honos
1114 1795 1152 1854 ait
1166 1799 1196 1854 et
1210 1795 1312 1868 gloria.

138 1898 324 1974 Aeccpemnt
338 1915 452 1973 quoque
467 1899 583 1959 Samuel
598 1906 723 1974 epatre,
739 1898 844 1960 hahes
860 1916 878 1960 a
892 1906 984 1959 matre
998 1899 1119 1960 litterae.
1169 1947 1175 1966 ι
1285 1927 1287 1935 2

90 2014 93 2021 '
229 2003 340 2064 Eadem
364 2004 460 2064 comiti
480 2003 606 2064 Ernesto
628 2010 764 2078 paternas
785 2004 898 2064 litteras
920 2003 1034 2077 ipsimet
1055 1997 1240 2078 reddidimus,
1261 2003 1311 2076 qui

138 2107 363 2169 Atrebatensem
383 2109 548 2182 alloquutus
570 2108 680 2184 luerat,
703 2115 839 2184 rogantes
859 2110 948 2184 igitur
967 2110 1077 2183 ipsum,
1101 2114 1134 2168 ut
1154 2110 1247 2169 nocui
1261 2109 1313 2168 ali·

140 2230 238 2288 quam,
255 2215 281 2272 si
295 2212 371 2273 forte
386 2215 427 2274 sic
442 2229 535 2274 sermo
549 2212 648 2290 ferret,
664 2217 837 2276 mentionem
852 2215 930 2290 apud
945 2214 1067 2274 eundem
1081 2211 1200 2273 iaceret.

229 2319 289 2378 Per
302 2318 451 2380 liborium
465 2319 560 2393 Viglio
574 2321 666 2380 literae
681 2319 840 2380 lteiuhardi
854 2321 965 2381 comitia
988 2319 1073 2379 reddi
1095 2319 1246 2393 debebant,
1262 2318 1314 2378 sed

138 2423 251 2484 Ductor
267 2425 378 2484 exierat
391 2421 479 2484 foras.
518 2423 656 2484 Comitem
671 2441 690 2484 a
703 2424 816 2484 Nassau
838 2426 869 2486 in
891 2425 1014 2498 hospitio
1036 2439 1088 2483 suo
1104 2424 1312 2498 querebamus,

138 2544 240 2589 rerum
254 2529 289 2603 is,
304 2533 339 2588 ut
352 2533 454 2604 postea
468 2531 673 2604 comperimus,
694 2529 854 2590 auditorem
869 2530 931 2606 agit
945 2531 976 2588 iu
998 2543 1086 2589 causa
1100 2528 1180 2588 ducis
1194 2527 1314 2590 Henriai

137 2639 167 2694 et
182 2631 421 2694 Goshriensium.

94 2726 101 2740 ⁴
227 2741 263 2798 ln
278 2739 380 2800 eodem
393 2739 497 2798 itinere
512 2739 634 2799 domna
648 2740 771 2814 principi
791 2737 982 2815 Landgraviae
1002 2735 1098 2798 fausta
1116 2737 1227 2814 precati
1246 2735 1313 2796 deiu

137 2844 296 2920 hospitium
311 2843 428 2906 Ernesti
442 2843 522 2904 ducis
537 2843 790 2918 frequentavimus.
1389 2920 1393 2929 ι

227 2947 256 3008 A
269 2949 391 3023 prandio
406 2965 489 3008 omne
498 2948 725 3023 pomeridianum
739 2929 852 3022 terffpus
867 2949 1025 3010 scribendis
1039 2947 1131 3009 literis
1140 2946 1178 3007 ad
1187 2963 1311 3022 socrum,

137 3038 307 3114 uxorculam
326 3053 451 3115 Nellium
473 3056 684 3130 insumpsimus.
729 3055 835 3114 Frater
849 3054 977 3118 Joanuer
1002 3051 1080 3128 apud
1103 3051 1203 3112 ducem
1218 3052 1311 3112 Erne-

137 3164 213 3218 etum
228 3175 353 3234 pransus
369 3166 421 3220 est.
1084 3167 1086 3174 '

231 3264 334 3331 Statim
348 3281 368 3326 a
380 3264 501 3339 prandio
517 3267 650 3329 ostiarius
665 3255 786 3326 camerae
801 3265 912 3326 concilii
934 3263 1088 3340 imperialis
1112 3263 1209 3324 attulit
1228 3264 1312 3338 jhesu

137 3370 253 3430 conche
267 3373 406 3446 scriptum
415 3361 571 3432 'Reiuberti
583 3371 661 3440 illius
675 3371 921 3433 Paderbornensis
936 3372 1072 3456 episcopi,
1087 3371 1119 3430 iu
1133 3385 1191 3443 quo
1205 3385 1310 3444 mgna·

137 3480 200 3535 tum
216 3475 390 3550 Philippum,
406 3492 559 3535 novercam
574 3482 604 3536 et
618 3493 670 3536 nos
684 3477 763 3552 apud
777 3492 931 3536 caesaream
945 3475 1125 3549 majestatem
1139 3471 1250 3534 detulit.

160 3609 163 3612 ·
229 3579 344 3640 Samuel
362 3578 442 3654 apud
458 3580 616 3640 Ernestum
637 3582 673 3641 de
694 3579 938 3642 eoluscoenavic.
984 3581 1048 3640 Hoc
1069 3579 1115 3639 die
1136 3580 1167 3637 ln
1186 3579 1312 3654 negotiis

138 3683 246 3744 metris
262 3684 334 3743 nihil
349 3692 511 3758 promotum
525 3690 578 3745 ast.
602 3685 680 3746 Nota
694 3686 730 3746 de
745 3685 1013 3747 camaldulensium
1028 3677 1171 3747 comitum.

228 3789 341 3849 Eadem
355 3790 500 3851 Adrianus
521 3807 540 3850 a
554 3790 676 3850 Zertzen
695 3789 858 3854 marchioni
872 3791 990 3850 electori
1003 3789 1103 3849 literas
1118 3789 1226 3848 sororis
1240 3803 1310 3848 suae

138 3897 167 3954 a
180 3893 363 3955 dominorum
377 3912 395 3954 a
410 3895 584 3969 Henueberg
597 3895 689 3954 nostri
703 3898 817 3954 nomine
831 3895 944 3955 obtulit.

227 3997 339 4060 Eadem
350 4001 522 4074 intempesta
532 4005 615 4058 nocte
623 3999 787 4086 sodalitium
796 3997 891 4058 furum
905 4001 1071 4072 argenteam
1085 3997 1310 4074 suppellectilem

138 4101 270 4164 Mauritii
289 4103 422 4165 electoris
436 4105 566 4166 cribrare
585 4102 728 4178 volebant,
751 4119 786 4164 ac
800 4104 901 4166 Iberus
916 4103 1032 4178 quidam
1046 4105 1077 4162 in
1092 4103 1154 4179 ipso
1169 4101 1246 4164 furto
1261 4103 1311 4164 de-

138 4207 366 4282 prehensuseet.
1218 4235 1229 4274 ι

226 4313 268 4372 At
281 4329 345 4390 age,
367 4314 489 4388 domine,
510 4329 587 4388 pone
601 4327 688 4386 super
703 4328 752 4372 eos
771 4313 981 4389 legislatorem,
1002 4314 1095 4373 edant
1116 4319 1216 4388 genoes
1231 4312 1310 4386 quod

138 4417 267 4478 lumime
288 4419 348 4479 sint
368 4435 421 4493 per
440 4413 551 4479 sacram
565 4423 645 4480 tuam
668 4419 823 4478 matario.
869 4417 991 4495 Domirpe
1011 4419 1091 4492 Jesu,
1115 4417 1230 4484 lamule
1250 4422 1309 4476 tua

138 4521 300 4586 Maeuia
314 4528 346 4585 at
365 4521 434 4585 filiae
456 4524 605 4585 aamahis
619 4523 683 4598 ejus
703 4528 856 4588 nomento
1112 4523 1113 4530 ’

717 4631 719 4634 .
1041 4630 1061 4687 2
1078 4624 1095 4662 u
1113 4673 1116 4680 Ι
