3054 5110
704 386 709 395 ’
794 403 837 472 te

230 585 333 646 animis
348 583 385 646 ad
405 583 552 646 coelestem
569 585 692 658 petriam
712 583 808 646 redire
829 585 984 660 cupiamus,
1008 591 1041 644 ut
1059 583 1176 646 tandem
1194 602 1262 648 vere
1284 603 1303 646 a
1325 587 1402 647 malo

229 693 390 752 liberemur.
427 691 547 750 Interim
567 706 667 750 comcs
687 705 766 750 meas
785 693 887 752 timore
907 691 951 750 tui
969 687 1089 764 confige,
1112 691 1181 750 mihi
1199 689 1343 766 refugium
1363 694 1402 751 sis

229 798 372 858 etvirtus.
404 796 478 855 liam
497 812 556 854 non
574 796 630 854 uisi
649 797 679 854 in
694 795 889 856 misericordia
904 801 954 854 tua
969 795 1059 870 virtus
1073 812 1137 857 mee
1152 797 1290 856 consistit.
1325 795 1400 856 Ocn-

228 903 299 964 cedc
320 901 402 974 mibi,
427 906 457 960 οι
475 900 583 974 populo
603 905 653 958 tuo
674 906 703 958 et
723 900 819 960 domui
839 917 910 960 mese
929 903 972 960 ita
989 917 1124 974 preesse,
1146 907 1179 960 ut
1197 917 1296 960 omncs
1319 906 1401 962 actus

229 1007 321 1066 nostri
342 1006 442 1080 gloriae
466 1010 523 1062 tnae
549 1005 685 1063 serviant.
723 1004 787 1064 Tibi
807 1021 869 1064 cum
890 1003 949 1064 lilio
971 1012 1020 1064 tuo
1041 1005 1223 1066 dilectissimo
1245 1022 1304 1066 una
1325 1011 1355 1066 et
1376 1023 1399 1064 s.

228 1112 332 1186 spiritu
346 1111 520 1184 sempiterna
535 1109 573 1168 sit
587 1109 680 1184 gloria
694 1115 724 1168 et
738 1110 829 1170 honos
844 1112 875 1170 in
888 1116 990 1170 cuncta
1002 1111 1099 1170 secula
1112 1111 1282 1170 seculorum.
1297 1110 1399 1172 Amen.

317 1211 436 1288 iijMo'ji
456 1211 484 1272 d.
506 1213 690 1274 Leonardum
704 1231 740 1274 ex
761 1231 822 1288 cap.
837 1217 882 1298 ,ae
899 1215 1032 1274 Matthaei
1052 1217 1269 1276 concionantem
1288 1217 1399 1276 audivi·

228 1337 291 1380 mus
314 1320 481 1394 superhaec
503 1320 606 1378 verba:
632 1320 702 1390 Quae
725 1335 787 1378 cum
803 1319 953 1394 abiissent,
977 1335 1042 1402 ecoe
1062 1320 1178 1393 qnidam
1198 1337 1215 1380 ο
1234 1321 1400 1380 custodibus

229 1430 370 1487 venerunt
391 1425 422 1482 in
444 1424 588 1512 cipitatem
611 1440 646 1482 ac
674 1425 883 1484 nunciaverunt
903 1425 1079 1498 principibus
1101 1424 1283 1486 sacerdotum
1305 1427 1401 1484 omnic

218 1546 296 1604 onae
310 1529 484 1602 acciderant,
509 1533 539 1586 et
561 1529 728 1602 congregati
750 1543 814 1600 epm
836 1528 1010 1604 senioribus,
1035 1531 1153 1590 consilio
1176 1531 1289 1604 habite,
1313 1546 1399 1604 pecu·
1510 1603 1511 1612 ἵ

228 1635 306 1694 niem
325 1635 471 1708 copiosam
487 1631 629 1692 dederunt
644 1634 794 1708 militibus,
819 1635 959 1694 dicentes:
983 1633 1078 1693 Dicite
1099 1635 1177 1707 quod
1193 1633 1325 1707 discipuli
1339 1635 1400 1707 ejns

228 1742 316 1818 nocte
333 1738 465 1798 venerint
486 1745 516 1798 ct
534 1736 623 1798 iurati
643 1741 700 1798 sint
721 1748 786 1798 eum
806 1740 887 1800 vobis
908 1739 1123 1800 dormientibus.
1154 1738 1194 1798 Et
1212 1740 1237 1798 si
1251 1739 1305 1800 hoe
1321 1740 1401 1800 audi
1510 1749 1511 1824 ξ

228 1848 289 1902 tum
304 1840 392 1904 inerit
406 1843 458 1903 sub
473 1843 607 1918 praeside,
630 1859 682 1904 nos
697 1843 932 1918 persuadebimus
954 1845 981 1902 ei
1001 1850 1030 1904 et
1051 1859 1167 1904 securos
1187 1859 1238 1902 vos
1253 1841 1399 1904 iaciemus.
1510 1831 1511 1862 ³

228 1947 267 2007 At
282 1949 324 2006 illi
338 1955 456 2022 occepta
471 1950 592 2022 pecunia
607 1947 738 2008 iecerunt
752 1949 825 2008 sicut
839 1953 923 2006 crunt
944 1947 1049 2030 edocti,
1071 1952 1099 2006 οι
1119 1947 1282 2019 divulgatus
1297 1952 1342 2006 cst
1355 1949 1401 2006 bic
1510 1981 1511 1988 ι

229 2069 323 2113 sermo
351 2037 437 2128 apud
455 2052 573 2131 Judaeos
596 2070 687 2126 usque
709 2055 747 2114 iu
768 2053 937 2113 hodiernum
957 2052 1041 2110 diem.
1079 2051 1190 2126 Primo,
1217 2052 1324 2126 inquit,
1349 2069 1399 2111 au·

229 2158 320 2232 distis,
339 2163 371 2216 ut
386 2156 486 2218 scribet
498 2163 528 2219 ct
534 2156 673 2216 Pharisaei
688 2163 717 2217 et
732 2159 859 2216 seniores
874 2159 1009 2216 excaecati
1023 2173 1057 2216 cc
1071 2157 1151 2216 rabie
1169 2163 1198 2216 et
1212 2155 1321 2216 invidia
1333 2173 1402 2230 per⁴

229 2264 279 2322 citi
298 2261 412 2321 Christo
434 2261 548 2320 domino
569 2278 627 2320 non
647 2263 739 2322 solum
759 2265 941 2336 restiterunt,
967 2261 1124 2322 sedetiam
1145 2261 1240 2335 ipsum
1261 2263 1401 2324 traditum

230 2367 323 2426 Pilato
345 2367 422 2424 cruci
442 2363 522 2440 affigi
543 2371 690 2425 curarunt.
727 2367 789 2426 Nec
807 2368 861 2426 hoc
880 2383 979 2452 eorum
998 2365 1064 2424 odio
1084 2371 1113 2424 et
1132 2366 1246 2426 inridier
1266 2371 1311 2426 sat
1327 2373 1399 2446 eret,

230 2472 299 2544 quin
320 2470 407 2530 etiam
423 2472 484 2543 jam
502 2476 646 2530 mortuum
666 2471 820 2532 mendaciis
840 2479 963 2532 onerant
984 2475 1014 2530 et
1035 2475 1194 2532 commento
1214 2469 1335 2536 conficto
1355 2488 1399 2546 se-

229 2574 379 2650 pulcbmrm
398 2573 582 2650 obsignantes
601 2575 732 2636 custodes
752 2576 844 2634 eidem
863 2576 1029 2658 adhibuere.
1066 2577 1291 2650 benignissimus
1304 2581 1401 2637 autem
1510 2621 1511 2668 3

229 2679 308 2738 Deus
324 2683 422 2738 noster
441 2679 527 2744 iesus
548 2679 677 2741 Christus
698 2697 750 2754 per
770 2683 865 2742 omnia
885 2696 984 2747 eorum
1005 2682 1127 2740 salutem
1146 2697 1279 2768 quaerens
1293 2681 1399 2755 glorio

230 2789 289 2844 sum
304 2785 544 2845 resurrectionem
564 2801 646 2847 suam
664 2801 722 2846 non
743 2802 797 2860 per
812 2786 975 2860 discipulos,
1001 2803 1059 2846 non
1079 2801 1132 2861 per
1151 2787 1332 2846 mulierculas
1352 2792 1402 2846 aut
1510 2785 1511 2858 ἶ

229 2903 282 2964 per
296 2887 435 2964 homines,
458 2905 531 2964 quos
545 2890 632 2950 ullum
647 2891 683 2950 ob
702 2904 817 2951 causam
838 2896 984 2966 suspectos
1004 2891 1111 2950 habere
1130 2898 1257 2965 possent,
1281 2891 1334 2950 sed
1348 2907 1401 2965 per

230 3012 298 3074 ecs,
317 3011 389 3070 quos
408 2997 464 3071 ipsi
485 3011 537 3056 suo
558 3011 615 3056 aere
635 2995 673 3056 ad
691 2997 833 3070 sepulchri
853 2995 1011 3056 custodiam
1031 2989 1235 3068 conduxerant,
1259 2997 1331 3068 ipsis
1352 3012 1401 3054 an-

231 3101 478 3162 nuncimi-voluit.
517 3102 625 3160 Verum
645 3117 698 3160 ncc
717 3101 772 3160 hoc
791 3099 929 3162 beneficio
950 3116 999 3160 eos
1021 3115 1144 3173 quoque,
1167 3105 1200 3158 ut
1219 3099 1320 3158 salutis
1341 3117 1400 3158 sum

229 3207 370 3282 rationem
389 3205 496 3265 habere
516 3205 668 3278 volueriut,
692 3204 837 3264 adducere
856 3206 961 3278 potuit,
986 3206 1056 3279 quin
1075 3206 1193 3278 insuper
1211 3205 1304 3280 ipsam
1324 3205 1399 3264 veri-

229 3317 317 3395 tatem
331 3311 485 3379 mendaciis
501 3316 531 3370 et
540 3310 745 3384 ‘largitionibus
761 3309 882 3368 obruere
897 3311 994 3370 conati
1013 3314 1087 3372 sunt.
1117 3309 1165 3368 Ad
1184 3311 1239 3368 boc
1253 3314 1283 3368 et
1297 3310 1401 3385 priori·

229 3416 281 3476 bes
302 3415 384 3477 melis
404 3417 602 3476 excusationes
615 3415 645 3472 in
657 3412 789 3487 ‘peccatis
804 3414 952 3489 addentes,
975 3415 1111 3474 militibus
1132 3395 1265 3488 polliciti,
1290 3430 1321 3474 se
1344 3415 1401 3474 illis

229 3537 328 3595 pacem
342 3521 420 3597 apud
435 3521 586 3596 praesulem
600 3519 646 3578 vel
660 3521 755 3592 petius
770 3519 910 3580 socordiae
929 3524 959 3578 et
970 3520 1111 3580 mendacii
1122 3519 1398 3594 impunitatem'prc·

138 3687 141 3697 ,
230 3631 388 3686 curaturos.
420 3623 552 3692 Ostendit
566 3628 661 3683 eutem
676 3623 722 3682 bic
735 3624 914 3684 ecclesiastes
929 3640 983 3698 per
997 3625 1107 3697 aliquot
1121 3629 1298 3698 argumenta,
1314 3607 1400 3698 cuam

229 3747 287 3790 uon
308 3730 471 3794 Judaeisin
492 3733 615 3792 mentem
636 3730 749 3808 reperit
767 3715 876 3788 'veteris
898 3729 1057 3804 proverbii,
1080 3729 1245 3790 mendacem
1265 3735 1400 3806 oportere

229 3849 292 3894 esse
305 3846 468 3906 memorem,
493 3839 522 3892 ct
541 3833 616 3891 bunc
635 3835 747 3910 unicam
766 3833 908 3895 mendacii
926 3819 1100 3904 mercedem,
1124 3840 1166 3892 nt·
1177 3834 1313 3906 quicquid
1332 3836 1401 3894 mali

228 3939 297 4004 iude
311 3937 467 4010 continget,
490 3938 625 4012 tuipsius
640 3939 802 3998 mentientis
818 3943 905 4014 ceput
918 3938 1037 4012 resiliat,
1060 3945 1174 3998 nt-vere
1192 3939 1248 3996 illis
1263 3939 1401 3998 acciderit
1510 3971 1511 4002 1

224 4044 309 4116 juxta
323 4041 464 4100 Davidem
479 4042 661 4136 propbetarn:
677 4043 801 4102 Mentita
817 4043 1011 4116 cstiniquitas
1026 4043 1088 4104 sibi.
1119 4044 1221 4115 Itaque
1235 4045 1400 4106 mentiendo
1510 4035 1511 4090 ἓ

229 4143 392 4219 effecerunt,
416 4150 449 4204 ut
469 4148 559 4206 omnis
580 4147 749 4223 perditionis
764 4163 862 4206 eorum
877 4148 961 4222 culpa
975 4163 1033 4206 uon
1047 4149 1078 4209 in
1093 4147 1239 4208 innoxium
1254 4146 1399 4220 dominum

228 4251 338 4322 Jesum,
348 4250 400 4310 sed
413 4253 444 4310 iu
456 4253 594 4326 ipsosmet
607 4252 750 4326 redundet
765 4257 818 4310 etc.
851 4253 994 4325 Similiter,
1011 4253 1114 4336 inquit,
1130 4253 1246 4311 etDeus
1262 4269 1399 4326 eugenos

227 4353 397 4428 longanimis
412 4361 465 4430 est,
489 4365 547 4416 no'n
562 4359 659 4416 stetim
675 4357 779 4415 delicta
794 4361 894 4432 nostra
908 4357 998 4436 punit.
1029 4357 1083 4416 Ast
1102 4374 1185 4416 nemo
1205 4357 1259 4416 hoc
1278 4355 1400 4415 fereciet

228 4463 278 4518 aut
297 4459 478 4534 impoenitens
497 4465 674 4535 permaneat.
707 4459 736 4518 Si
755 4461 829 4550 enirn
851 4462 891 4550 sie
909 4463 1076 4536 periremus,
1100 4477 1160 4521 non
1178 4461 1252 4536 Deo,
1276 4462 1326 4535 qui
1347 4479 1399 4522 uos
