3020 5112
691 393 758 464 ale

227 599 246 642 v
260 581 332 644 lolii
347 595 412 645 oum
425 577 547 644 liberto
561 578 696 642 Dmcone
710 579 746 642 de
760 579 857 642 multis
872 581 1051 672 contulimus.
1074 582 1155 644 idom
1166 598 1205 646 ea
1218 582 1287 646 dle·
1279 601 1309 646 m

128 687 320 763 sponsalibus
341 687 417 748 Josti
443 691 472 746 et
493 687 660 762 walpurgis
686 688 872 750 concionatus
896 692 955 762 eut,
983 668 1172 761 posteriorem
1197 694 1310 765 portem

129 793 243 868 psalmi
261 791 338 852 115·
361 791 500 852 Dominus
520 807 629 852 memor
647 789 702 850 luit
721 793 814 852 nostri
830 796 860 852 et
874 792 1021 854 benedixit
1034 793 1126 854 nobis.
1163 795 1312 858 Benedimt

132 897 237 958 domui
252 897 354 972 Israel,
369 896 515 960 benedicit
529 897 626 962 domui
639 895 739 958 Aaron
754 903 808 958 etc.
824 913 972 960 enarrans.
1010 898 1125 958 Summa
1140 904 1193 974 est,
1208 901 1310 976 inquit

130 1003 242 1076 horum
256 1001 425 1077 uerborum,
440 1001 517 1076 quod
533 1001 603 1062 dens
618 1001 748 1064 omnibus
762 1003 913 1064 benedicat
927 1009 957 1064 et
971 1005 1067 1064 omnis
1080 1011 1241 1080 conservet,
1257 1023 1309 1081 ρο·

130 1109 280 1168 tissimum
302 1113 399 1170 entem
419 1107 546 1170 eocleein
568 1123 628 1168 sun
647 1107 818 1170 benedicere
838 1115 956 1184 perotus
976 1109 1023 1170 sit.
1061 1110 1132 1170 Item
1152 1116 1261 1184 quanta
1274 1113 1312 1171 sit

131 1213 243 1274 divinae
257 1213 416 1276 clementiae
430 1213 555 1288 bonitas,
571 1214 621 1288 qui
635 1227 688 1272 neo
704 1229 794 1286 genus
810 1229 863 1274 nec
876 1229 945 1288 opes
960 1231 1013 1274 nec
1027 1195 1170 1276 miseriam
1184 1217 1310 1291 respicit,

132 1321 190 1380 sed
206 1320 316 1380 ordinis
330 1320 525 1394 cujuscunque
538 1317 701 1380 hominibus
718 1317 873 1394 benedicit,
894 1319 1004 1380 scilicet
1016 1321 1080 1396 regi
1094 1322 1205 1396 potenti
1220 1325 1249 1382 ct
1262 1321 1311 1382 Iro

132 1425 334 1500 pauperrimo.
371 1424 529 1486 Admonuit
549 1427 701 1504 autemut
721 1423 946 1497 benedictionem
970 1424 1123 1500 quideme
1146 1426 1259 1488 domino
1282 1433 1313 1486 et

133 1538 303 1607 peteremus
318 1534 347 1590 et
362 1535 593 1606 expectaremus,
617 1529 669 1590 sed
682 1531 730 1612 ¹ita
748 1547 786 1592 ne
804 1546 871 1592 mox
891 1529 1001 1591 onimos
1022 1530 1262 1610 despondeamus,
1287 1531 1310 1590 si

133 1621 198 1696 non
212 1638 245 1696 in
258 1641 415 1711 momento,
437 1651 501 1709 qnae
516 1635 695 1711 petierimus,
718 1637 894 1712 contingant.
932 1635 1087 1705 Dominum
1106 1638 1181 1696 enim
1201 1642 1312 1698 mature

135 1744 210 1802 eatis
235 1756 302 1800 suos
322 1721 521 1804 benedictione
542 1741 734 1816 impleturum.
772 1740 826 1800 dit
840 1713 954 1815 quoque
973 1742 1113 1816 psalmum
1134 1758 1231 1802 vocem
1249 1759 1312 1804 etse

136 1848 268 1908 ecolesiae
283 1844 411 1906 fidelium
423 1844 544 1920 ‘singulis
560 1862 595 1906 ex
609 1846 765 1906 christiane
778 1847 918 1908 chantem
931 1843 1026 1906 fausta
1038 1847 1230 1920 imprecantis.
1253 1847 1312 1908 Do·
1365 1867 1369 1878 ·

136 1953 200 2012 cuit
221 1957 252 2012 et
272 1951 413 2026 quomodo
435 1952 531 2026 magri
552 1951 607 2012 hoc
626 1951 786 2012 ducendum
808 1951 861 2026 sit,
884 1951 961 2024 quod
975 1951 1128 2026 jubeamur
1152 1958 1182 2012 et
1201 1951 1313 2014 dicatur

118 2089 119 2094 κ
137 2057 236 2118 nobis:
259 2057 427 2118 Benedicite
440 2056 556 2118 domino
570 2062 625 2118 ete.
663 2058 736 2118 Item
755 2073 890 2134 sponsum
908 2061 938 2116 et
952 2071 1085 2130 sponsam
1103 2058 1244 2120 allocutus
1258 2063 1312 2134 est

137 2166 281 2224 memores
296 2168 393 2242 essent
410 2163 556 2225 immense
577 2163 713 2224 bonitatis
732 2164 822 2237 ponis
842 2164 937 2227 ineos
952 2163 1091 2238 coelestis,
1115 2164 1165 2236 qni
1178 2165 1269 2238 magis
1284 2169 1314 2224 et

139 2269 259 2330 uberius
274 2285 338 2342 cos,
355 2271 380 2328 si
393 2269 425 2344 in
439 2269 542 2330 timore
557 2274 587 2330 et
601 2268 659 2330 lide
674 2269 781 2330 domini
794 2269 992 2344 contulerint,
1008 2269 1211 2330 benedicturus
1225 2275 1311 2346 esset,

139 2391 196 2451 nec
210 2390 270 2434 non
288 2378 319 2434 et
336 2375 456 2449 liberos,
481 2390 553 2450 quos
571 2375 750 2449 promunturi
770 2379 880 2449 essent,
904 2380 990 2448 etque
1010 2391 1047 2436 ne
1066 2375 1163 2436 statim
1184 2391 1314 2436 macrore

141 2477 360 2554 conficerentur,
377 2481 402 2540 si
415 2497 473 2542 non
488 2481 582 2542 munic
596 2495 663 2541 mox
673 2481 764 2556 copiae
776 2496 865 2542 cornu
877 2481 934 2540 illis
945 2479 983 2542 ud
996 2481 1225 2542 monnmadeint.
1248 2480 1313 2542 Vnd

142 2602 186 2646 uo
200 2586 262 2646 lrsz
276 2585 354 2644 nicht
369 2581 514 2646 schelilich
532 2584 649 2649 hohern
664 2585 749 2662 kent,
771 2601 804 2646 so
819 2590 932 2662 nempte
951 2572 1060 2648 lefflict‘
1071 2603 1123 2660 am
1146 2586 1216 2648 Gott
1234 2588 1314 2648 wirte

142 2669 376 2750 uoll'machsnn.
416 2689 478 2754 Noc
496 2691 551 2752 hoc
572 2668 741 2754 bencdcium
762 2691 845 2765 perui
866 2689 1063 2752 mhmnndum
1086 2697 1146 2766 est,
1170 2691 1315 2754 dominnm

142 2796 228 2856 deum
243 2795 347 2854 coelum
362 2796 416 2858 sibi
430 2797 461 2858 in
475 2795 610 2858 thronum
620 2793 837 2872 mapmfieentiae
849 2811 971 2870 cretam,
987 2811 1086 2858 verum
1100 2796 1237 2856 mundum
1251 2811 1315 2856 omn

143 2903 274 2964 omnihus
289 2903 394 2962 mestis
408 2902 464 2978 piis
479 2919 537 2964 non
551 2902 693 2975 invidere3
711 2903 789 2978 quin,
806 2901 882 2976 quod
893 2902 984 2976 medus
997 2905 1050 2976 est,
1065 2903 1095 2964 in
1107 2903 1175 2962 usus
1188 2903 1314 2977 ipsorum

142 3010 206 3070 hnc
220 3007 357 3071 condidit.
379 3009 419 3068 Et
433 3025 497 3068 cum
510 3009 573 3097 brec
584 3025 616 3070 ee
626 3010 669 3068 ita
680 2995 815 3083 habeant,
831 3007 985 3082 cogitemus
997 3007 1124 3068 urentes
1139 3011 1169 3068 et
1182 3009 1245 3068 aeni
1259 3008 1313 3068 deo

143 3117 174 3190 in
188 3120 359 3203 perpetuum
373 3113 520 3179 Hellelnia
533 3103 697 3176 decantare.

232 3220 261 3282 A
275 3222 411 3280 concione
421 3219 540 3280 (letoius
555 3235 649 3280 comes
664 3217 829 3281 eGleichen
843 3233 907 3277 eum
921 3233 1012 3300 uxore
1025 3232 1078 3278 sna
1092 3223 1123 3284 et
1134 3216 1314 3292 Sigismmde

143 3324 236 3416 fratre
250 3325 392 3386 abierant.
420 3326 448 3386 A
462 3326 584 3402 prandio
599 3305 767 3402 coniugibus
781 3324 936 3386 honorario
949 3338 1003 3398 pro
1017 3335 1098 3384 more
1113 3323 1181 3384 dcta
1195 3327 1269 3384 eunt.

233 3431 450 3508 Sobqnurtam
475 3430 590 3517 domina
612 3431 649 3494 dc
670 3429 903 3507 Schwartzburg,
926 3431 1048 3492 Jounnie
1068 3430 1187 3490 Hemioi
1205 3429 1315 3490 comitis

143 3553 231 3612 uxor,
249 3537 435 3613 pedissequus
450 3551 546 3598 secum
560 3543 590 3599 et
605 3536 841 3612 christophorum
855 3537 892 3600 eb
906 3537 1090 3611 Enitenberg
1104 3553 1158 3596 noo
1171 3553 1231 3596 non
1244 3535 1314 3596 Jou-

144 3644 268 3704 chimnm
283 3643 358 3704 Such
373 3659 518 3706 assumens
538 3643 666 3718 domum,
684 3644 792 3704 relictis
807 3642 988 3712 Rudeletedii
1001 3640 1113 3702 duobus
1127 3611 1256 3750 filiatum
1277 3641 1315 3701 cd

145 3745 280 3812 maritum
293 3749 389 3810 rediit

235 3855 296 3917 Sub
310 3871 393 3916 omne
407 3854 549 3916 Henricua
564 3856 635 3916 baro
650 3871 669 3914 a
683 3849 853 3914 wildsniele
866 3853 964 3912 venit.-

234 3959 313 4022 Notu
333 3961 369 4022 de
388 3958 577 4022 nemorose
566 3977 599 4022 m
617 3955 756 4021 Musleldt
779 3957 1047 4018 notescerent
1066 3955 1275 4031 animadverte,
1286 3971 1315 4015 ο

145 4068 246 4142 homo,
265 4067 335 4142 quid
348 4064 437 4130 facici
450 4081 518 4126 caro
534 4063 589 4126 sihi
603 4062 739 4126 derelicto
753 4064 807 4124 ut
799 4081 830 4124 m
845 4063 976 4158 pessimis
991 4064 1079 4125 etium
1093 4056 1248 4125 crudelitas
1261 4058 1315 4123 in¹
1346 4045 1351 4055 ¹

145 4174 240 4234 locum
253 4173 349 4234 hebet.

235 4277 350 4352 vidndi
364 4277 500 4340 Alienus
514 4274 637 4336 Druco
628 4289 687 4337 mc
673 4273 778 4336 accello
798 4275 874 4354 ercis
890 4271 1040 4338 octoadem
1054 4273 1193 4336 decimam
1207 4223 1316 4334 sextum

723 4411 742 4448 a
768 4425 770 4430 .

223 4504 236 4551 l
256 4499 322 4552 Hier
339 4497 385 4552 het
403 4497 446 4552 die
462 4498 504 4554 hs.
522 4498 581 4576 eine
599 4496 688 4550 kleiue
705 4495 793 4553 tocke.
821 4521 823 4525 ’
