3054 5110
724 375 770 443 to

161 563 313 639 adstringi.
337 563 481 624 Summam
496 562 573 624 enim
587 561 737 641 scripture
753 575 816 621 esse
831 561 882 636 ait,
897 557 986 620 verbo
994 559 1088 620 inniti.
1111 557 1196 632 Quod
1209 559 1237 618 si
1249 555 1335 618 fecis·

160 673 235 744 sent,
259 669 362 743 inquit,
378 673 576 728 antecessores
590 667 683 726 nostri
698 672 727 726 et
741 656 910 741 non'potius
930 680 1020 738 opere
1035 663 1143 724 domim
1163 664 1272 723 imitari
1286 679 1336 723 vo·
1388 670 1392 676 '

162 774 294 848 luissent,
309 779 342 834 ut
357 773 431 833 elius
443 771 583 848 jejunium
598 775 768 846 perpetuum
783 772 837 832 sibi
851 772 907 846 ipsi
920 765 1152 846 proscripsisset,
1162 769 1236 830 alius
1250 768 1335 829 here·

161 895 208 940 mo
223 878 355 942 habitere
371 879 534 955 delegisset,
550 877 739 952 interjiciens,
759 876 914 936 monachus
936 881 1033 942 eutem
1054 876 1200 936 soliterius
1216 875 1260 954 (et
1274 876 1338 935 haec

161 985 306 1047 hominnm
321 983 378 1044 fax
393 1000 450 1059 quo
466 999 524 1043 non
538 983 594 1043 hoo
603 999 666 1042 aevo
680 979 940 1056 circumcursiteti)
950 981 1058 1054 nonita
1073 979 1217 1042 deviatum
1232 979 1338 1042 fuisset

161 1095 274 1151 erecto
288 1089 370 1150 verbi
384 1088 439 1167 dei¹
456 1089 603 1148 intellectu
625 1093 654 1148 et
668 1105 738 1150 vere
751 1085 808 1146 fide
823 1091 877 1146 etc.
908 1085 981 1144 Item
997 1085 1067 1160 quid
1082 1085 1137 1146 sibi
1150 1087 1219 1146 velit
1232 1085 1338 1147 vocula

167 1199 353 1272 «suggeret»,
370 1196 525 1257 enerravit.
547 1191 589 1254 et
601 1191 635 1254 ιἰι
648 1195 764 1254 omniuo
778 1191 861 1253 nobis
875 1191 1124 1267 persuaderemus,
1140 1193 1165 1251 si
1178 1193 1225 1252 vel
1234 1193 1270 1276 ιιι
1284 1209 1336 1252 ne-

162 1301 296 1362 cessitate
316 1302 446 1378 corporis
464 1301 512 1360 vel
534 1300 636 1361 animoe
658 1298 793 1375 periculis
816 1303 868 1357 aut
889 1297 975 1357 ιιιιιιι
994 1297 1041 1357 ιιι
1060 1297 1091 1356 in
1109 1299 1256 1373 prosperis
1268 1313 1336 1358 snc-

162 1403 290 1467 eeasibus
311 1405 394 1466 nobis
415 1405 446 1464 in
467 1411 592 1465 mentem
615 1406 712 1466 veniet
734 1405 771 1466 de
791 1403 837 1464 dei
859 1401 1003 1477 bonitate,
1027 1418 1089 1462 eum
1112 1382 1338 1486 consolationem

162 1511 261 1594 magni
275 1509 430 1585 ιιιιιιιιιιι,
446 1509 563 1569 domino
578 1510 687 1584 gratias
701 1493 834 1584 agentes,
860 1509 1070 1583 recogitantes,
1094 1508 1125 1568 id
1139 1511 1235 1584 gretia
1249 1509 1337 1584 hujus

162 1617 282 1692 spiritus
296 1616 474 1690 suggestoris
497 1615 636 1689 peracleti
654 1613 719 1674 fieri
733 1619 787 1676 etc.
823 1613 1012 1688 concludens,
1027 1619 1061 1673 ut
1071 1613 1169 1704 'Deum
1184 1619 1243 1690 opt.
1259 1633 1336 1676 men.

163 1736 340 1796 rogaremus,
356 1719 413 1781 dno
428 1721 510 1780 nobis
525 1721 587 1779 haec
600 1736 653 1795 per
667 1718 812 1780 Christum
826 1720 969 1796 impartiri
983 1719 1160 1795 dignaretur,
1179 1726 1214 1780 ut
1229 1722 1340 1782 seilicet

165 1825 283 1887 verbum
299 1827 361 1902 ejus
375 1823 437 1886 fide
447 1841 522 1901 pura
535 1823 794 1902 apprehendamus,
810 1830 841 1885 et
856 1825 960 1885 deinde
979 1841 1036 1900 quo
1051 1824 1154 1907 spiritu
1167 1825 1222 1887 hoo
1235 1833 1338 1888 ιιιιιιο

165 1931 237 1994 illud
251 1933 415 1994 conservari
438 1937 468 1992 et
486 1930 524 1994 ab
545 1931 644 1992 eodem
664 1933 768 2007 spiritu
783 1931 881 2006 nobis,
906 1947 969 2004 quae
984 1929 1048 1992 Deo
1063 1931 1141 2006 petri
1155 1936 1185 1992 et
1198 1913 1258 1993 filio
1273 1935 1337 2008 pla-

165 2040 223 2099 cita
230 2043 298 2098 sunt
305 2037 421 2113 suggeri
430 2037 527 2102 donet.
550 2037 642 2098 Nemo
651 2043 746 2098 eutem
756 2052 871 2097 exmeae
885 2035 987 2096 larinas
1001 2035 1163 2097 homiuibus
1177 2035 1262 2098 fecie
1276 2040 1337 2115 spi-

165 2146 253 2205 ritum
261 2135 386 2204 Museuli
396 2143 492 2204 verbis
502 2145 651 2219 exprimet.
674 2143 780 2203 Aiebat
790 2149 820 2202 et
833 2142 907 2203 illud·
917 2143 1014 2204 omnia
1029 2159 1093 2216 quae
1108 2142 1173 2202 dixi
1182 2143 1263 2205 vobis
1279 2161 1339 2205 non

166 2249 240 2310 ιιιο
258 2248 475 2324 intelligendum
495 2245 530 2308 de
544 2249 630 2309 nudis
644 2247 750 2321 verbis,
775 2263 840 2307 eum
864 2247 1047 2322 evangelistes
1068 2247 1169 2308 eadem
1188 2265 1277 2324 opera
1291 2253 1339 2312 vel

166 2353 257 2415 verbe
272 2352 379 2412 Christi
393 2352 443 2412 elii
457 2351 522 2412 eliis
537 2351 633 2412 verbis
648 2351 819 2428 describant,
835 2354 887 2414 sed
897 2343 981 2429 juita
995 2359 1103 2414 rectem
1118 2357 1298 2418 senteutiam.

255 2457 368 2520 Eodem
375 2456 519 2517 dominum
528 2455 747 2518 Atrebatensem
758 2459 905 2520 conveniri
919 2458 1111 2534 cupiebamus.
1134 2463 1242 2522 Verum
1256 2469 1337 2539 post-

167 2579 255 2640 quem
269 2561 377 2624 diutim
392 2562 620 2638 deambulatum,
640 2563 748 2638 prodiit
761 2565 876 2626 undem
890 2570 1043 2640 paternum
1057 2543 1211 2640 hospitium
1226 2568 1336 2629 ιιιιιιιι.

166 2667 254 2728 'lauti
268 2672 365 2728 autem
380 2671 464 2727 erent
477 2667 627 2744 petitores,
643 2673 677 2728 ut
690 2669 773 2728 nohis
788 2685 853 2732 eum
868 2671 976 2744 eloqui
990 2684 1049 2730 non
1063 2671 1186 2732 licuerit.
1244 2654 1269 2700 ‘-

254 2773 301 2834 Ad
320 2771 435 2852 prandii
454 2773 555 2834 horam
574 2774 798 2839 hlustnssimum
818 2774 846 2834 d.
868 2756 1011 2836 loannem
1030 2775 1210 2836 Fridericum
1230 2776 1336 2846 electu·

166 2893 229 2940 rem
250 2878 436 2940 ιιιιιιιιιιιιιι.
478 2879 589 2970 Mensae
611 2881 778 2942 assidebant
800 2881 950 2957 Philippus
973 2887 1003 2940 et
1022 2881 1153 2942 Eubulus
1177 2882 1295 2942 comites
1319 2898 1339 2942 a

166 2983 309 3046 Waldeelr
329 2981 449 3062 iratres,
472 2985 616 3048 Hemicus
630 2987 703 3049 baro
717 3005 736 3048 e
751 2986 1003 3062 schuertzenberg
1017 2991 1047 3046 et
1062 2985 1176 3047 Tenere
1189 2988 1338 3076 Hispanus

106 3084 109 3091 ’
166 3093 197 3151 et
216 3087 348 3153 electoris
366 3093 555 3154 ceneehurius
574 3093 746 3154 Minclrvitz.
791 3093 909 3180 Elector
930 3110 962 3154 se
982 3094 1065 3154 nobis
1087 3093 1337 3154 clementissimum

167 3195 310 3272 exhibuit,
322 3197 515 3274 >menogenes
534 3198 571 3258 de
589 3199 625 3258 iis
648 3199 752 3272 etiem,
771 3174 836 3273 ques
857 3197 966 3258 homini
980 3200 1010 3262 in
1033 3199 1122 3259 ιιιιιι
1136 3196 1338 3260 afflictionibus

165 3304 311 3363 memoriae
327 3317 390 3362 esse
404 3303 536 3367 muamli
550 3304 612 3364 vice
627 3304 753 3364 duxeris.
790 3303 907 3376 Etcum
922 3304 1029 3378 optimo
1049 3305 1172 3380 principi
1186 3321 1249 3366 meo
1265 3319 1337 3386 uuo·

166 3408 264 3482 meque
278 3409 393 3475 nomine
399 3407 444 3476 de
459 3406 587 3469 exhibite
601 3407 684 3469 nobis
696 3407 849 3469 'clementia
863 3410 971 3484 gratim
987 3425 1111 3485 agerem,
1132 3409 1289 3486 respondit,
1306 3427 1338 3470 se

167 3513 264 3574 omnia
282 3510 470 3574 libentissime
483 3512 603 3588 fecisse,
626 3519 656 3574 et
673 3515 699 3572 si
721 3529 779 3588 que
799 3515 829 3574 in
843 3531 876 3574 re
894 3515 1044 3589 utriusque
1057 3531 1119 3583 rem
1134 3521 1246 3590 gratum
1260 3531 1336 3591 pree-

166 3624 245 3680 starc
258 3617 341 3679 nobis
348 3623 463 3695 posset,
477 3619 519 3680 illi
533 3634 646 3694 semper
660 3619 691 3679 id
705 3621 809 3696 volupe
823 3603 959 3680 futurum.
998 3619 1169 3681 Consoletur
1188 3638 1253 3681 eum
1267 3637 1337 3682 vero

167 3741 220 3785 suo
233 3723 382 3800 paracleto
402 3725 467 3801 ille,
493 3726 543 3800 qui
564 3741 661 3786 omnes
679 3715 954 3800 afflictiones-haphe
975 3727 1113 3802 principis
1134 3728 1165 3786 in
1183 3741 1270 3790 menn
1285 3743 1339 3788 sue

166 3830 326 3906 descriptas
340 3831 429 3892 hebet
442 3831 532 3892 Deus.
574 3831 668 3907 Hujus
689 3821 827 3914 principia¹
848 3829 1081 3891 tribulationibus
1100 3837 1131 3891 et
1148 3829 1211 3890 hoec
1225 3816 1339 3906 adjectu

166 3941 219 4011 est,
235 3940 268 3995 ut
280 3938 421 4000 ιιιιιιιιιι
436 3939 512 3998 mter
519 3938 689 4002 Meumtrnm
704 3939 755 4000 et'
746 3953 841 4014 ipsum
855 3937 1104 4064 protraherentur,
1120 3953 1154 3999 eo
1171 3939 1248 4012 quod
1262 3954 1338 3999 com·

164 4039 677 4124 misseriinominerinequibent.
1424 4023 1428 4028 ⁸

254 4147 368 4209 Deinde
390 4148 479 4209 animi
500 4150 594 4223 ιιιιιι
620 4150 664 4208 int
664 4165 698 4210 re
719 4132 819 4211 urbem
839 4147 1034 4211 deambulanti
1062 4147 1176 4230 obviem
1201 4148 1285 4210 nobis
1302 4147 1340 4210 fit

164 4251 316 4330 Fuggerus
335 4251 408 4314 albae
423 4251 538 4329 galina
554 4258 584 4313 et
597 4254 666 4313 solis
680 4251 765 4332 filius,
788 4255 881 4316 Iberis
895 4253 950 4313 sibi
970 4255 1080 4330 aliquot
1099 4255 1252 4331 adiunctis,
1263 4257 1338 4332 ipse
1354 4262 1358 4270 '

165 4361 252 4437 plene
266 4359 448 4435 Hispanieus.

256 4466 303 4528 De
317 4466 432 4528 interim
440 4466 556 4542 ›ahquot
569 4468 689 4543 paginas
702 4466 831 4542 legimus.
