<?xml version="1.0" encoding="UTF-8"?>
<!DOCTYPE html PUBLIC "-//W3C//DTD XHTML 1.0 Transitional//EN"
    "http://www.w3.org/TR/xhtml1/DTD/xhtml1-transitional.dtd">
<html xmlns="http://www.w3.org/1999/xhtml" xml:lang="en" lang="en">
 <head>
  <title>
</title>
<meta http-equiv="Content-Type" content="text/html;charset=utf-8" />
  <meta name='ocr-system' content='tesseract 3.04.00' />
  <meta name='ocr-capabilities' content='ocr_page ocr_carea ocr_par ocr_line ocrx_word'/>
</head>
<body>
  <div class='ocr_page' id='page_1' title='image "./desgrafenwolrad02trosgoog_0189.png"; bbox 0 0 3020 5112; ppageno 0'>
   <div class='ocr_carea' id='block_1_1' title="bbox 778 413 841 482">
    <p class='ocr_par' dir='ltr' id='par_1_1' title="bbox 778 413 841 482">
     <span class='ocr_line' id='line_1_1' title="bbox 778 413 841 482; baseline -0.032 0"><span class='ocrx_word' id='word_1_1' title='bbox 778 413 841 482; x_wconf 78' lang='grc'>178</span> 
     </span>
    </p>
   </div>
   <div class='ocr_carea' id='block_1_2' title="bbox 214 595 1394 1518">
    <p class='ocr_par' dir='ltr' id='par_1_2' title="bbox 214 595 1394 1518">
     <span class='ocr_line' id='line_1_2' title="bbox 215 595 1390 671; baseline -0.007 -7"><span class='ocrx_word' id='word_1_2' title='bbox 215 607 246 664; x_wconf 91' lang='lat' dir='ltr'>iu</span> <span class='ocrx_word' id='word_1_3' title='bbox 261 603 405 664; x_wconf 82' lang='lat' dir='ltr'>Christum</span> <span class='ocrx_word' id='word_1_4' title='bbox 420 599 578 660; x_wconf 82' lang='lat' dir='ltr'>finxerunt:</span> <span class='ocrx_word' id='word_1_5' title='bbox 604 599 725 658; x_wconf 84' lang='lat' dir='ltr'>Seduxit</span> <span class='ocrx_word' id='word_1_6' title='bbox 745 598 881 671; x_wconf 90' lang='lat' dir='ltr'>populum</span> <span class='ocrx_word' id='word_1_7' title='bbox 907 597 1011 656; x_wconf 87' lang='lat' dir='ltr'>docens</span> <span class='ocrx_word' id='word_1_8' title='bbox 1037 613 1055 656; x_wconf 87' lang='lat' dir='ltr'>a</span> <span class='ocrx_word' id='word_1_9' title='bbox 1075 595 1196 656; x_wconf 78' lang='lat' dir='ltr'>Galilaea</span> <span class='ocrx_word' id='word_1_10' title='bbox 1216 611 1307 670; x_wconf 86' lang='lat' dir='ltr'>usqne</span> <span class='ocrx_word' id='word_1_11' title='bbox 1320 595 1390 656; x_wconf 89' lang='lat' dir='ltr'>hnc.</span> 
     </span>
     <span class='ocr_line' id='line_1_3' title="bbox 214 702 1393 775; baseline -0.008 -6"><span class='ocrx_word' id='word_1_12' title='bbox 214 709 287 769; x_wconf 85' lang='lat' dir='ltr'>Item</span> <span class='ocrx_word' id='word_1_13' title='bbox 301 711 489 766; x_wconf 88' lang='lat' dir='ltr'>commentum</span> <span class='ocrx_word' id='word_1_14' title='bbox 505 705 541 764; x_wconf 91' lang='lat' dir='ltr'>de</span> <span class='ocrx_word' id='word_1_15' title='bbox 556 704 750 764; x_wconf 68' lang='lat' dir='ltr'>destructione</span> <span class='ocrx_word' id='word_1_16' title='bbox 764 702 865 775; x_wconf 90' lang='lat' dir='ltr'>templi</span> <span class='ocrx_word' id='word_1_17' title='bbox 879 707 909 760; x_wconf 90' lang='lat' dir='ltr'>et</span> <span class='ocrx_word' id='word_1_18' title='bbox 927 702 986 760; x_wconf 90' lang='lat' dir='ltr'>alia</span> <span class='ocrx_word' id='word_1_19' title='bbox 1005 703 1159 773; x_wconf 85' lang='lat' dir='ltr'>innumera</span> <span class='ocrx_word' id='word_1_20' title='bbox 1172 702 1393 761; x_wconf 80' lang='lat' dir='ltr'>mendaciorum</span> 
     </span>
     <span class='ocr_line' id='line_1_4' title="bbox 216 805 1393 881; baseline -0.009 -7"><span class='ocrx_word' id='word_1_21' title='bbox 216 819 245 874; x_wconf 87' lang='lat' dir='ltr'>et</span> <span class='ocrx_word' id='word_1_22' title='bbox 260 813 408 872; x_wconf 77' lang='lat' dir='ltr'>onudnum</span> <span class='ocrx_word' id='word_1_23' title='bbox 423 817 477 880; x_wconf 84' lang='lat' dir='ltr'>etc.</span> <span class='ocrx_word' id='word_1_24' title='bbox 519 810 591 868; x_wconf 89' lang='lat' dir='ltr'>Item</span> <span class='ocrx_word' id='word_1_25' title='bbox 606 813 639 866; x_wconf 91' lang='lat' dir='ltr'>ut</span> <span class='ocrx_word' id='word_1_26' title='bbox 654 808 755 866; x_wconf 84' lang='lat' dir='ltr'>eudem</span> <span class='ocrx_word' id='word_1_27' title='bbox 769 811 836 866; x_wconf 89' lang='lat' dir='ltr'>ante</span> <span class='ocrx_word' id='word_1_28' title='bbox 853 805 997 873; x_wconf 77' lang='lat' dir='ltr'>Christum</span> <span class='ocrx_word' id='word_1_29' title='bbox 1012 807 1160 880; x_wconf 87' lang='lat' dir='ltr'>prophetis</span> <span class='ocrx_word' id='word_1_30' title='bbox 1175 807 1307 881; x_wconf 89' lang='lat' dir='ltr'>patribus</span> <span class='ocrx_word' id='word_1_31' title='bbox 1323 823 1393 864; x_wconf 89' lang='lat' dir='ltr'>eve-</span> 
     </span>
     <span class='ocr_line' id='line_1_5' title="bbox 215 910 1391 988; baseline -0.007 -12"><span class='ocrx_word' id='word_1_32' title='bbox 215 919 319 977; x_wconf 88' lang='lat' dir='ltr'>nerint.</span> <span class='ocrx_word' id='word_1_33' title='bbox 357 915 485 974; x_wconf 85' lang='lat' dir='ltr'>Adduxit</span> <span class='ocrx_word' id='word_1_34' title='bbox 500 929 613 988; x_wconf 90' lang='lat' dir='ltr'>qnoque</span> <span class='ocrx_word' id='word_1_35' title='bbox 628 913 722 970; x_wconf 87' lang='lat' dir='ltr'>locum</span> <span class='ocrx_word' id='word_1_36' title='bbox 737 911 908 971; x_wconf 78' lang='lat' dir='ltr'><strong>Tertulliani</strong></span> <span class='ocrx_word' id='word_1_37' title='bbox 922 913 1071 984; x_wconf 84' lang='lat' dir='ltr'>martyris,</span> <span class='ocrx_word' id='word_1_38' title='bbox 1094 927 1153 984; x_wconf 85' lang='lat' dir='ltr'>quo</span> <span class='ocrx_word' id='word_1_39' title='bbox 1167 910 1306 983; x_wconf 86' lang='lat' dir='ltr'>refertur,</span> <span class='ocrx_word' id='word_1_40' title='bbox 1324 913 1391 984; x_wconf 89' lang='lat' dir='ltr'>qni-</span> 
     </span>
     <span class='ocr_line' id='line_1_6' title="bbox 214 1014 1391 1089; baseline -0.008 -5"><span class='ocrx_word' id='word_1_41' title='bbox 214 1024 268 1084; x_wconf 91' lang='lat' dir='ltr'>bus</span> <span class='ocrx_word' id='word_1_42' title='bbox 283 1021 416 1082; x_wconf 85' lang='lat' dir='ltr'>conviciis</span> <span class='ocrx_word' id='word_1_43' title='bbox 431 1019 578 1078; x_wconf 88' lang='lat' dir='ltr'>christiani</span> <span class='ocrx_word' id='word_1_44' title='bbox 592 1016 758 1089; x_wconf 82' lang='lat' dir='ltr'>agentibus</span> <span class='ocrx_word' id='word_1_45' title='bbox 773 1014 867 1076; x_wconf 79' lang='lat' dir='ltr'>affecti</span> <span class='ocrx_word' id='word_1_46' title='bbox 881 1017 939 1074; x_wconf 88' lang='lat' dir='ltr'>sint</span> <span class='ocrx_word' id='word_1_47' title='bbox 960 1032 994 1074; x_wconf 87' lang='lat' dir='ltr'>ac</span> <span class='ocrx_word' id='word_1_48' title='bbox 1009 1032 1093 1088; x_wconf 83' lang='lat' dir='ltr'>qnam</span> <span class='ocrx_word' id='word_1_49' title='bbox 1111 1015 1251 1088; x_wconf 86' lang='lat' dir='ltr'>probrosa</span> <span class='ocrx_word' id='word_1_50' title='bbox 1265 1017 1321 1074; x_wconf 91' lang='lat' dir='ltr'>illis</span> <span class='ocrx_word' id='word_1_51' title='bbox 1336 1033 1391 1074; x_wconf 91' lang='lat' dir='ltr'>no·</span> 
     </span>
     <span class='ocr_line' id='line_1_7' title="bbox 214 1120 1394 1198; baseline -0.008 -10"><span class='ocrx_word' id='word_1_52' title='bbox 214 1129 292 1188; x_wconf 83' lang='lat' dir='ltr'>urina</span> <span class='ocrx_word' id='word_1_53' title='bbox 307 1125 479 1198; x_wconf 79' lang='lat' dir='ltr'>indiderint,</span> <span class='ocrx_word' id='word_1_54' title='bbox 508 1123 616 1184; x_wconf 84' lang='lat' dir='ltr'>scilicet</span> <span class='ocrx_word' id='word_1_55' title='bbox 635 1134 684 1178; x_wconf 86' lang='lat' dir='ltr'>eos</span> <span class='ocrx_word' id='word_1_56' title='bbox 703 1127 840 1194; x_wconf 80' lang='lat' dir='ltr'>vocantes</span> <span class='ocrx_word' id='word_1_57' title='bbox 861 1122 1009 1198; x_wconf 83' lang='lat' dir='ltr'>scelestos,</span> <span class='ocrx_word' id='word_1_58' title='bbox 1038 1123 1230 1192; x_wconf 87' lang='lat' dir='ltr'>incestuosos,</span> <span class='ocrx_word' id='word_1_59' title='bbox 1254 1137 1287 1179; x_wconf 89' lang='lat' dir='ltr'>eo</span> <span class='ocrx_word' id='word_1_60' title='bbox 1311 1120 1394 1192; x_wconf 89' lang='lat' dir='ltr'>quod</span> 
     </span>
     <span class='ocr_line' id='line_1_8' title="bbox 215 1216 1393 1301; baseline -0.006 -11"><span class='ocrx_word' id='word_1_61' title='bbox 215 1234 405 1292; x_wconf 86' lang='lat' dir='ltr'>mentirentur</span> <span class='ocrx_word' id='word_1_62' title='bbox 430 1216 614 1301; x_wconf 79' lang='lat' dir='ltr'>christianos,</span> <span class='ocrx_word' id='word_1_63' title='bbox 646 1227 695 1300; x_wconf 86' lang='lat' dir='ltr'>qni</span> <span class='ocrx_word' id='word_1_64' title='bbox 724 1226 848 1286; x_wconf 90' lang='lat' dir='ltr'>interdiu</span> <span class='ocrx_word' id='word_1_65' title='bbox 875 1227 912 1285; x_wconf 92' lang='lat' dir='ltr'>ob</span> <span class='ocrx_word' id='word_1_66' title='bbox 932 1233 1132 1298; x_wconf 78' lang='lat' dir='ltr'>persecutores</span> <span class='ocrx_word' id='word_1_67' title='bbox 1151 1226 1304 1286; x_wconf 87' lang='lat' dir='ltr'>convenire</span> <span class='ocrx_word' id='word_1_68' title='bbox 1330 1242 1393 1284; x_wconf 93' lang='lat' dir='ltr'>non</span> 
     </span>
     <span class='ocr_line' id='line_1_9' title="bbox 215 1329 1391 1412; baseline -0.008 -16"><span class='ocrx_word' id='word_1_69' title='bbox 215 1343 343 1412; x_wconf 77' lang='lat' dir='ltr'>possent,</span> <span class='ocrx_word' id='word_1_70' title='bbox 360 1341 446 1394; x_wconf 88' lang='lat' dir='ltr'>noctu</span> <span class='ocrx_word' id='word_1_71' title='bbox 461 1333 498 1392; x_wconf 90' lang='lat' dir='ltr'>ad</span> <span class='ocrx_word' id='word_1_72' title='bbox 513 1333 645 1390; x_wconf 87' lang='lat' dir='ltr'>lucernas</span> <span class='ocrx_word' id='word_1_73' title='bbox 661 1337 858 1406; x_wconf 85' lang='lat' dir='ltr'>congregatos,</span> <span class='ocrx_word' id='word_1_74' title='bbox 879 1331 981 1390; x_wconf 87' lang='lat' dir='ltr'>catulis</span> <span class='ocrx_word' id='word_1_75' title='bbox 996 1329 1098 1390; x_wconf 83' lang='lat' dir='ltr'>offulas</span> <span class='ocrx_word' id='word_1_76' title='bbox 1113 1331 1248 1406; x_wconf 80' lang='lat' dir='ltr'>objicere,</span> <span class='ocrx_word' id='word_1_77' title='bbox 1265 1331 1315 1403; x_wconf 87' lang='lat' dir='ltr'>qni</span> <span class='ocrx_word' id='word_1_78' title='bbox 1330 1329 1391 1388; x_wconf 88' lang='lat' dir='ltr'>dis-</span> 
     </span>
     <span class='ocr_line' id='line_1_10' title="bbox 217 1433 1388 1518; baseline -0.004 -20"><span class='ocrx_word' id='word_1_79' title='bbox 217 1446 367 1498; x_wconf 82' lang='lat' dir='ltr'>currentes</span> <span class='ocrx_word' id='word_1_80' title='bbox 383 1437 555 1518; x_wconf 74' lang='lat' dir='ltr'>candelebra</span> <span class='ocrx_word' id='word_1_81' title='bbox 571 1442 601 1494; x_wconf 90' lang='lat' dir='ltr'>et</span> <span class='ocrx_word' id='word_1_82' title='bbox 614 1437 721 1494; x_wconf 89' lang='lat' dir='ltr'>lumina</span> <span class='ocrx_word' id='word_1_83' title='bbox 736 1437 894 1508; x_wconf 88' lang='lat' dir='ltr'>dejicerent</span> <span class='ocrx_word' id='word_1_84' title='bbox 902 1441 932 1494; x_wconf 89' lang='lat' dir='ltr'>et</span> <span class='ocrx_word' id='word_1_85' title='bbox 941 1433 1075 1509; x_wconf 87' lang='lat' dir='ltr'>lampada</span> <span class='ocrx_word' id='word_1_86' title='bbox 1088 1435 1222 1494; x_wconf 88' lang='lat' dir='ltr'>ardentia</span> <span class='ocrx_word' id='word_1_87' title='bbox 1237 1437 1388 1508; x_wconf 74' lang='lat' dir='ltr'>exungue-</span> 
     </span>
    </p>
   </div>
   <div class='ocr_carea' id='block_1_3' title="bbox 98 1539 1388 1634">
    <p class='ocr_par' dir='ltr' id='par_1_3' title="bbox 98 1539 1388 1634">
     <span class='ocr_line' id='line_1_11' title="bbox 98 1539 1388 1634; baseline -0.007 -29"><span class='ocrx_word' id='word_1_88' title='bbox 98 1578 99 1581; x_wconf 61' lang='lat'><em>=</em></span> <span class='ocrx_word' id='word_1_89' title='bbox 215 1549 297 1619; x_wconf 88' lang='lat' dir='ltr'>rent,</span> <span class='ocrx_word' id='word_1_90' title='bbox 317 1550 346 1603; x_wconf 88' lang='lat' dir='ltr'>et</span> <span class='ocrx_word' id='word_1_91' title='bbox 367 1549 427 1601; x_wconf 88' lang='lat' dir='ltr'>turn</span> <span class='ocrx_word' id='word_1_92' title='bbox 443 1542 613 1600; x_wconf 89' lang='lat' dir='ltr'>christianos</span> <span class='ocrx_word' id='word_1_93' title='bbox 626 1540 757 1634; x_wconf 74' lang='lat' dir='ltr'>incestos</span> <span class='ocrx_word' id='word_1_94' title='bbox 779 1542 870 1600; x_wconf 90' lang='lat' dir='ltr'>coitus</span> <span class='ocrx_word' id='word_1_95' title='bbox 886 1541 992 1598; x_wconf 86' lang='lat' dir='ltr'>nullius</span> <span class='ocrx_word' id='word_1_96' title='bbox 1007 1541 1207 1612; x_wconf 75' lang='lat' dir='ltr'>sanguinitatis</span> <span class='ocrx_word' id='word_1_97' title='bbox 1221 1539 1324 1597; x_wconf 87' lang='lat' dir='ltr'>habita</span> <span class='ocrx_word' id='word_1_98' title='bbox 1338 1555 1388 1597; x_wconf 87' lang='lat' dir='ltr'>ra·</span> 
     </span>
    </p>
   </div>
   <div class='ocr_carea' id='block_1_4' title="bbox 216 1643 1393 2034">
    <p class='ocr_par' dir='ltr' id='par_1_4' title="bbox 216 1643 1393 2034">
     <span class='ocr_line' id='line_1_12' title="bbox 216 1643 1392 1722; baseline -0.004 -16"><span class='ocrx_word' id='word_1_99' title='bbox 216 1650 295 1708; x_wconf 89' lang='lat' dir='ltr'>tione</span> <span class='ocrx_word' id='word_1_100' title='bbox 311 1647 340 1706; x_wconf 89' lang='lat' dir='ltr'>et</span> <span class='ocrx_word' id='word_1_101' title='bbox 355 1653 561 1722; x_wconf 86' lang='lat' dir='ltr'>praeposteram</span> <span class='ocrx_word' id='word_1_102' title='bbox 575 1661 709 1704; x_wconf 89' lang='lat' dir='ltr'>venerem</span> <span class='ocrx_word' id='word_1_103' title='bbox 724 1646 806 1704; x_wconf 87' lang='lat' dir='ltr'>inire.</span> <span class='ocrx_word' id='word_1_104' title='bbox 830 1647 904 1702; x_wconf 89' lang='lat' dir='ltr'>Item</span> <span class='ocrx_word' id='word_1_105' title='bbox 918 1643 1114 1718; x_wconf 82' lang='lat' dir='ltr'>infanticidas,</span> <span class='ocrx_word' id='word_1_106' title='bbox 1137 1649 1170 1702; x_wconf 92' lang='lat' dir='ltr'>ut</span> <span class='ocrx_word' id='word_1_107' title='bbox 1189 1645 1284 1717; x_wconf 88' lang='lat' dir='ltr'>quiin</span> <span class='ocrx_word' id='word_1_108' title='bbox 1300 1643 1392 1702; x_wconf 89' lang='lat' dir='ltr'>eecle-</span> 
     </span>
     <span class='ocr_line' id='line_1_13' title="bbox 216 1749 1390 1823; baseline -0.005 -11"><span class='ocrx_word' id='word_1_109' title='bbox 216 1753 260 1812; x_wconf 89' lang='lat' dir='ltr'>sia</span> <span class='ocrx_word' id='word_1_110' title='bbox 274 1769 327 1812; x_wconf 87' lang='lat' dir='ltr'>sua</span> <span class='ocrx_word' id='word_1_111' title='bbox 341 1751 479 1811; x_wconf 81' lang='lat' dir='ltr'>infantem</span> <span class='ocrx_word' id='word_1_112' title='bbox 503 1751 632 1810; x_wconf 87' lang='lat' dir='ltr'>occidere</span> <span class='ocrx_word' id='word_1_113' title='bbox 655 1749 783 1816; x_wconf 76' lang='lat' dir='ltr'>solerent</span> <span class='ocrx_word' id='word_1_114' title='bbox 806 1755 835 1808; x_wconf 87' lang='lat' dir='ltr'>et</span> <span class='ocrx_word' id='word_1_115' title='bbox 849 1749 934 1822; x_wconf 87' lang='lat' dir='ltr'>hujus</span> <span class='ocrx_word' id='word_1_116' title='bbox 949 1751 1095 1823; x_wconf 83' lang='lat' dir='ltr'>sanguinis</span> <span class='ocrx_word' id='word_1_117' title='bbox 1110 1751 1277 1823; x_wconf 84' lang='lat' dir='ltr'>aspersione</span> <span class='ocrx_word' id='word_1_118' title='bbox 1292 1764 1325 1806; x_wconf 89' lang='lat' dir='ltr'>se</span> <span class='ocrx_word' id='word_1_119' title='bbox 1339 1765 1390 1806; x_wconf 81' lang='lat' dir='ltr'>ex·</span> 
     </span>
     <span class='ocr_line' id='line_1_14' title="bbox 216 1853 1391 1933; baseline -0.007 -15"><span class='ocrx_word' id='word_1_120' title='bbox 216 1858 338 1933; x_wconf 79' lang='lat' dir='ltr'>piarent.</span> <span class='ocrx_word' id='word_1_121' title='bbox 362 1858 434 1916; x_wconf 89' lang='lat' dir='ltr'>Item</span> <span class='ocrx_word' id='word_1_122' title='bbox 449 1857 617 1914; x_wconf 83' lang='lat' dir='ltr'>sarmaticus</span> <span class='ocrx_word' id='word_1_123' title='bbox 632 1853 670 1912; x_wconf 89' lang='lat' dir='ltr'>ob</span> <span class='ocrx_word' id='word_1_124' title='bbox 685 1856 768 1928; x_wconf 86' lang='lat' dir='ltr'>palos</span> <span class='ocrx_word' id='word_1_125' title='bbox 784 1856 887 1927; x_wconf 89' lang='lat' dir='ltr'>quibus</span> <span class='ocrx_word' id='word_1_126' title='bbox 910 1856 1111 1928; x_wconf 79' lang='lat' dir='ltr'>alligabantur.</span> <span class='ocrx_word' id='word_1_127' title='bbox 1150 1855 1223 1912; x_wconf 90' lang='lat' dir='ltr'>Item</span> <span class='ocrx_word' id='word_1_128' title='bbox 1238 1854 1391 1912; x_wconf 88' lang='lat' dir='ltr'>semisseos</span> 
     </span>
     <span class='ocr_line' id='line_1_15' title="bbox 217 1959 1393 2034; baseline -0.007 -12"><span class='ocrx_word' id='word_1_129' title='bbox 217 1964 377 2022; x_wconf 75' lang='lat' dir='ltr'>tumuisse.</span> <span class='ocrx_word' id='word_1_130' title='bbox 416 1963 488 2020; x_wconf 87' lang='lat' dir='ltr'>Item</span> <span class='ocrx_word' id='word_1_131' title='bbox 504 1961 686 2034; x_wconf 83' lang='lat' dir='ltr'>desperatos,</span> <span class='ocrx_word' id='word_1_132' title='bbox 712 1961 762 2032; x_wconf 85' lang='lat' dir='ltr'>qui</span> <span class='ocrx_word' id='word_1_133' title='bbox 777 1961 864 2018; x_wconf 90' lang='lat' dir='ltr'>vitam</span> <span class='ocrx_word' id='word_1_134' title='bbox 879 1966 908 2018; x_wconf 90' lang='lat' dir='ltr'>et</span> <span class='ocrx_word' id='word_1_135' title='bbox 923 1962 1018 2018; x_wconf 89' lang='lat' dir='ltr'>omnia</span> <span class='ocrx_word' id='word_1_136' title='bbox 1033 1966 1225 2018; x_wconf 88' lang='lat' dir='ltr'>contemnant.</span> <span class='ocrx_word' id='word_1_137' title='bbox 1266 1959 1348 2016; x_wconf 85' lang='lat' dir='ltr'>Sient</span> <span class='ocrx_word' id='word_1_138' title='bbox 1364 1962 1393 2016; x_wconf 88' lang='lat' dir='ltr'>et</span> 
     </span>
    </p>
   </div>
   <div class='ocr_carea' id='block_1_5' title="bbox 95 2061 1390 2148">
    <p class='ocr_par' dir='ltr' id='par_1_5' title="bbox 95 2061 1390 2148">
     <span class='ocr_line' id='line_1_16' title="bbox 95 2061 1390 2148; baseline -0.007 -21"><span class='ocrx_word' id='word_1_139' title='bbox 95 2144 98 2148; x_wconf 20' lang='grc' dir='ltr'>Ι</span> <span class='ocrx_word' id='word_1_140' title='bbox 216 2073 316 2126; x_wconf 89' lang='lat' dir='ltr'>nostro</span> <span class='ocrx_word' id='word_1_141' title='bbox 331 2083 393 2127; x_wconf 85' lang='lat' dir='ltr'>aevo</span> <span class='ocrx_word' id='word_1_142' title='bbox 408 2067 479 2124; x_wconf 89' lang='lat' dir='ltr'>nihil</span> <span class='ocrx_word' id='word_1_143' title='bbox 495 2082 552 2124; x_wconf 91' lang='lat' dir='ltr'>non</span> <span class='ocrx_word' id='word_1_144' title='bbox 566 2065 773 2137; x_wconf 77' lang='lat' dir='ltr'>concidorum,</span> <span class='ocrx_word' id='word_1_145' title='bbox 798 2065 904 2138; x_wconf 88' lang='lat' dir='ltr'>inquit,</span> <span class='ocrx_word' id='word_1_146' title='bbox 926 2066 957 2122; x_wconf 93' lang='lat' dir='ltr'>in</span> <span class='ocrx_word' id='word_1_147' title='bbox 978 2081 1030 2123; x_wconf 90' lang='lat' dir='ltr'>nos</span> <span class='ocrx_word' id='word_1_148' title='bbox 1051 2065 1158 2137; x_wconf 88' lang='lat' dir='ltr'>jacitur</span> <span class='ocrx_word' id='word_1_149' title='bbox 1181 2068 1210 2120; x_wconf 90' lang='lat' dir='ltr'>et</span> <span class='ocrx_word' id='word_1_150' title='bbox 1231 2061 1390 2134; x_wconf 86' lang='lat' dir='ltr'>effingitur.</span> 
     </span>
    </p>
   </div>
   <div class='ocr_carea' id='block_1_6' title="bbox 194 2168 1398 4568">
    <p class='ocr_par' dir='ltr' id='par_1_6' title="bbox 194 2168 1398 4568">
     <span class='ocr_line' id='line_1_17' title="bbox 216 2168 1390 2244; baseline -0.005 -14"><span class='ocrx_word' id='word_1_151' title='bbox 216 2171 257 2232; x_wconf 90' lang='lat' dir='ltr'>Et</span> <span class='ocrx_word' id='word_1_152' title='bbox 270 2177 303 2230; x_wconf 94' lang='lat' dir='ltr'>ut</span> <span class='ocrx_word' id='word_1_153' title='bbox 314 2171 412 2244; x_wconf 51' lang='lat' dir='ltr'>¹onnia</span> <span class='ocrx_word' id='word_1_154' title='bbox 426 2176 523 2230; x_wconf 85' lang='lat' dir='ltr'>cetera</span> <span class='ocrx_word' id='word_1_155' title='bbox 536 2175 722 2244; x_wconf 82' lang='lat' dir='ltr'>praeteream,</span> <span class='ocrx_word' id='word_1_156' title='bbox 746 2169 844 2230; x_wconf 90' lang='lat' dir='ltr'>dicunt</span> <span class='ocrx_word' id='word_1_157' title='bbox 858 2185 909 2228; x_wconf 86' lang='lat' dir='ltr'>nos</span> <span class='ocrx_word' id='word_1_158' title='bbox 924 2185 977 2243; x_wconf 88' lang='lat' dir='ltr'>pro</span> <span class='ocrx_word' id='word_1_159' title='bbox 1000 2169 1170 2242; x_wconf 83' lang='lat' dir='ltr'>euangelicis</span> <span class='ocrx_word' id='word_1_160' title='bbox 1186 2184 1238 2226; x_wconf 85' lang='lat' dir='ltr'>ror</span> <span class='ocrx_word' id='word_1_161' title='bbox 1253 2168 1390 2240; x_wconf 80' lang='lat' dir='ltr'>Evange-</span> 
     </span>
     <span class='ocr_line' id='line_1_18' title="bbox 217 2271 1392 2347; baseline -0.005 -13"><span class='ocrx_word' id='word_1_162' title='bbox 217 2276 305 2334; x_wconf 89' lang='lat' dir='ltr'>lische</span> <span class='ocrx_word' id='word_1_163' title='bbox 319 2275 467 2347; x_wconf 88' lang='lat' dir='ltr'>hellische,</span> <span class='ocrx_word' id='word_1_164' title='bbox 491 2273 537 2332; x_wconf 92' lang='lat' dir='ltr'>die</span> <span class='ocrx_word' id='word_1_165' title='bbox 553 2273 752 2347; x_wconf 82' lang='lat' dir='ltr'>evaugelische</span> <span class='ocrx_word' id='word_1_166' title='bbox 767 2274 876 2347; x_wconf 85' lang='lat' dir='ltr'>Lehre,</span> <span class='ocrx_word' id='word_1_167' title='bbox 898 2274 944 2333; x_wconf 90' lang='lat' dir='ltr'>die</span> <span class='ocrx_word' id='word_1_168' title='bbox 965 2273 1100 2334; x_wconf 90' lang='lat' dir='ltr'>hellische</span> <span class='ocrx_word' id='word_1_169' title='bbox 1115 2271 1245 2335; x_wconf 82' lang='lat' dir='ltr'>lehretc.</span> <span class='ocrx_word' id='word_1_170' title='bbox 1285 2271 1392 2330; x_wconf 89' lang='lat' dir='ltr'>Odium</span> 
     </span>
     <span class='ocr_line' id='line_1_19' title="bbox 218 2377 1389 2452; baseline -0.005 -14"><span class='ocrx_word' id='word_1_171' title='bbox 218 2395 288 2438; x_wconf 80' lang='lat' dir='ltr'>uero</span> <span class='ocrx_word' id='word_1_172' title='bbox 303 2380 357 2438; x_wconf 87' lang='lat' dir='ltr'>hoe</span> <span class='ocrx_word' id='word_1_173' title='bbox 372 2383 400 2436; x_wconf 93' lang='lat' dir='ltr'>et</span> <span class='ocrx_word' id='word_1_174' title='bbox 414 2379 576 2452; x_wconf 88' lang='lat' dir='ltr'>persecutio</span> <span class='ocrx_word' id='word_1_175' title='bbox 591 2394 625 2436; x_wconf 89' lang='lat' dir='ltr'>ac</span> <span class='ocrx_word' id='word_1_176' title='bbox 640 2379 720 2436; x_wconf 86' lang='lat' dir='ltr'>rerhi</span> <span class='ocrx_word' id='word_1_177' title='bbox 736 2385 915 2452; x_wconf 88' lang='lat' dir='ltr'>contemptus</span> <span class='ocrx_word' id='word_1_178' title='bbox 930 2380 1049 2439; x_wconf 81' lang='lat' dir='ltr'>utribus</span> <span class='ocrx_word' id='word_1_179' title='bbox 1063 2377 1125 2435; x_wconf 85' lang='lat' dir='ltr'>fere</span> <span class='ocrx_word' id='word_1_180' title='bbox 1139 2377 1286 2436; x_wconf 89' lang='lat' dir='ltr'>hominum</span> <span class='ocrx_word' id='word_1_181' title='bbox 1301 2390 1389 2448; x_wconf 86' lang='lat' dir='ltr'>gene-</span> 
     </span>
     <span class='ocr_line' id='line_1_20' title="bbox 218 2479 1392 2558; baseline -0.004 -17"><span class='ocrx_word' id='word_1_182' title='bbox 218 2483 298 2542; x_wconf 88' lang='lat' dir='ltr'>ribus</span> <span class='ocrx_word' id='word_1_183' title='bbox 312 2479 384 2540; x_wconf 88' lang='lat' dir='ltr'>finnt</span> <span class='ocrx_word' id='word_1_184' title='bbox 399 2487 428 2539; x_wconf 88' lang='lat' dir='ltr'>et</span> <span class='ocrx_word' id='word_1_185' title='bbox 443 2486 623 2554; x_wconf 85' lang='lat' dir='ltr'>exequuntur</span> <span class='ocrx_word' id='word_1_186' title='bbox 638 2499 655 2541; x_wconf 89' lang='lat' dir='ltr'>a</span> <span class='ocrx_word' id='word_1_187' title='bbox 669 2482 788 2558; x_wconf 76' lang='lat' dir='ltr'>deducis,</span> <span class='ocrx_word' id='word_1_188' title='bbox 805 2483 926 2542; x_wconf 86' lang='lat' dir='ltr'>ethnicis</span> <span class='ocrx_word' id='word_1_189' title='bbox 938 2489 968 2542; x_wconf 91' lang='lat' dir='ltr'>et</span> <span class='ocrx_word' id='word_1_190' title='bbox 981 2481 1262 2556; x_wconf 84' lang='lat' dir='ltr'>pseudochristianis.</span> <span class='ocrx_word' id='word_1_191' title='bbox 1286 2479 1348 2544; x_wconf 86' lang='lat' dir='ltr'>Sed</span> <span class='ocrx_word' id='word_1_192' title='bbox 1362 2479 1392 2537; x_wconf 93' lang='lat' dir='ltr'>id</span> 
     </span>
     <span class='ocr_line' id='line_1_21' title="bbox 219 2585 1392 2659; baseline -0.003 -11"><span class='ocrx_word' id='word_1_193' title='bbox 219 2588 256 2648; x_wconf 88' lang='lat' dir='ltr'>ab</span> <span class='ocrx_word' id='word_1_194' title='bbox 271 2586 344 2658; x_wconf 87' lang='lat' dir='ltr'>aliis,</span> <span class='ocrx_word' id='word_1_195' title='bbox 360 2587 424 2646; x_wconf 87' lang='lat' dir='ltr'>aliis</span> <span class='ocrx_word' id='word_1_196' title='bbox 440 2586 583 2646; x_wconf 87' lang='lat' dir='ltr'>decausis</span> <span class='ocrx_word' id='word_1_197' title='bbox 601 2602 636 2650; x_wconf 86' lang='lat' dir='ltr'>ao</span> <span class='ocrx_word' id='word_1_198' title='bbox 647 2587 710 2646; x_wconf 88' lang='lat' dir='ltr'>aliis</span> <span class='ocrx_word' id='word_1_199' title='bbox 724 2589 816 2646; x_wconf 88' lang='lat' dir='ltr'>modis</span> <span class='ocrx_word' id='word_1_200' title='bbox 831 2586 874 2646; x_wconf 91' lang='lat' dir='ltr'>fit.</span> <span class='ocrx_word' id='word_1_201' title='bbox 897 2587 993 2647; x_wconf 83' lang='lat' dir='ltr'>Judrei</span> <span class='ocrx_word' id='word_1_202' title='bbox 1003 2589 1078 2646; x_wconf 86' lang='lat' dir='ltr'>enirn</span> <span class='ocrx_word' id='word_1_203' title='bbox 1087 2587 1230 2645; x_wconf 90' lang='lat' dir='ltr'>Christum</span> <span class='ocrx_word' id='word_1_204' title='bbox 1245 2585 1392 2659; x_wconf 86' lang='lat' dir='ltr'>persecuti</span> 
     </span>
     <span class='ocr_line' id='line_1_22' title="bbox 220 2691 1391 2765; baseline 0 -16"><span class='ocrx_word' id='word_1_205' title='bbox 220 2696 298 2764; x_wconf 88' lang='lat' dir='ltr'>sunt,</span> <span class='ocrx_word' id='word_1_206' title='bbox 324 2707 382 2750; x_wconf 90' lang='lat' dir='ltr'>non</span> <span class='ocrx_word' id='word_1_207' title='bbox 397 2691 475 2764; x_wconf 90' lang='lat' dir='ltr'>quod</span> <span class='ocrx_word' id='word_1_208' title='bbox 490 2691 520 2750; x_wconf 95' lang='lat' dir='ltr'>bi</span> <span class='ocrx_word' id='word_1_209' title='bbox 535 2692 625 2752; x_wconf 84' lang='lat' dir='ltr'>videri</span> <span class='ocrx_word' id='word_1_210' title='bbox 640 2692 730 2752; x_wconf 83' lang='lat' dir='ltr'>velint</span> <span class='ocrx_word' id='word_1_211' title='bbox 744 2693 792 2765; x_wconf 90' lang='lat' dir='ltr'>qui</span> <span class='ocrx_word' id='word_1_212' title='bbox 808 2692 952 2750; x_wconf 83' lang='lat' dir='ltr'>Christum</span> <span class='ocrx_word' id='word_1_213' title='bbox 972 2692 1128 2765; x_wconf 89' lang='lat' dir='ltr'>deminum,</span> <span class='ocrx_word' id='word_1_214' title='bbox 1152 2707 1237 2764; x_wconf 91' lang='lat' dir='ltr'>quem</span> <span class='ocrx_word' id='word_1_215' title='bbox 1251 2691 1294 2748; x_wconf 92' lang='lat' dir='ltr'>illi</span> <span class='ocrx_word' id='word_1_216' title='bbox 1310 2691 1391 2749; x_wconf 88' lang='lat' dir='ltr'>Mes.-</span> 
     </span>
     <span class='ocr_line' id='line_1_23' title="bbox 220 2795 1398 2870; baseline 0.002 -16"><span class='ocrx_word' id='word_1_217' title='bbox 220 2797 291 2858; x_wconf 88' lang='lat' dir='ltr'>siam</span> <span class='ocrx_word' id='word_1_218' title='bbox 305 2801 686 2870; x_wconf 85' lang='lat' dir='ltr'>vocant,persequerentnr.</span> <span class='ocrx_word' id='word_1_219' title='bbox 724 2797 818 2856; x_wconf 86' lang='lat' dir='ltr'>Erant</span> <span class='ocrx_word' id='word_1_220' title='bbox 834 2799 922 2870; x_wconf 89' lang='lat' dir='ltr'>enim,</span> <span class='ocrx_word' id='word_1_221' title='bbox 938 2801 972 2855; x_wconf 90' lang='lat' dir='ltr'>ut</span> <span class='ocrx_word' id='word_1_222' title='bbox 985 2797 1039 2856; x_wconf 89' lang='lat' dir='ltr'>sibi</span> <span class='ocrx_word' id='word_1_223' title='bbox 1054 2797 1124 2869; x_wconf 88' lang='lat' dir='ltr'>ipsis</span> <span class='ocrx_word' id='word_1_224' title='bbox 1140 2795 1324 2867; x_wconf 85' lang='lat' dir='ltr'>ridebantur,</span> <span class='ocrx_word' id='word_1_225' title='bbox 1341 2811 1398 2868; x_wconf 47' lang='lat' dir='ltr'>po*</span> 
     </span>
     <span class='ocr_line' id='line_1_24' title="bbox 194 2899 1390 2976; baseline -0.003 -15"><span class='ocrx_word' id='word_1_226' title='bbox 194 2943 197 2948; x_wconf 86' lang='lat'>-</span> <span class='ocrx_word' id='word_1_227' title='bbox 220 2901 303 2976; x_wconf 90' lang='lat' dir='ltr'>pulus</span> <span class='ocrx_word' id='word_1_228' title='bbox 319 2901 436 2974; x_wconf 90' lang='lat' dir='ltr'>domini,</span> <span class='ocrx_word' id='word_1_229' title='bbox 452 2900 487 2960; x_wconf 91' lang='lat' dir='ltr'>de</span> <span class='ocrx_word' id='word_1_230' title='bbox 502 2901 676 2974; x_wconf 85' lang='lat' dir='ltr'>qnoDavid:</span> <span class='ocrx_word' id='word_1_231' title='bbox 692 2901 786 2961; x_wconf 88' lang='lat' dir='ltr'>Notus</span> <span class='ocrx_word' id='word_1_232' title='bbox 802 2911 845 2961; x_wconf 91' lang='lat' dir='ltr'>est</span> <span class='ocrx_word' id='word_1_233' title='bbox 860 2903 891 2960; x_wconf 94' lang='lat' dir='ltr'>in</span> <span class='ocrx_word' id='word_1_234' title='bbox 905 2901 1009 2960; x_wconf 82' lang='lat' dir='ltr'>Jndres</span> <span class='ocrx_word' id='word_1_235' title='bbox 1023 2901 1102 2958; x_wconf 89' lang='lat' dir='ltr'>Dens</span> <span class='ocrx_word' id='word_1_236' title='bbox 1117 2904 1147 2958; x_wconf 90' lang='lat' dir='ltr'>et</span> <span class='ocrx_word' id='word_1_237' title='bbox 1161 2901 1191 2958; x_wconf 89' lang='lat' dir='ltr'>in</span> <span class='ocrx_word' id='word_1_238' title='bbox 1200 2899 1293 2958; x_wconf 88' lang='lat' dir='ltr'>lsrael</span> <span class='ocrx_word' id='word_1_239' title='bbox 1307 2915 1390 2971; x_wconf 80' lang='lat' dir='ltr'>mag·</span> 
     </span>
     <span class='ocr_line' id='line_1_25' title="bbox 223 3005 1391 3080; baseline -0.002 -18"><span class='ocrx_word' id='word_1_240' title='bbox 223 3021 290 3063; x_wconf 90' lang='lat' dir='ltr'>num</span> <span class='ocrx_word' id='word_1_241' title='bbox 306 3021 412 3062; x_wconf 91' lang='lat' dir='ltr'>numen</span> <span class='ocrx_word' id='word_1_242' title='bbox 425 3007 498 3079; x_wconf 90' lang='lat' dir='ltr'>ejus.</span> <span class='ocrx_word' id='word_1_243' title='bbox 509 3069 514 3074; x_wconf 48' lang='lat'><em>„</em></span> <span class='ocrx_word' id='word_1_244' title='bbox 538 3007 672 3067; x_wconf 85' lang='lat' dir='ltr'>Sciebant</span> <span class='ocrx_word' id='word_1_245' title='bbox 694 3007 769 3064; x_wconf 91' lang='lat' dir='ltr'>enim</span> <span class='ocrx_word' id='word_1_246' title='bbox 783 3011 921 3080; x_wconf 88' lang='lat' dir='ltr'>tanquam</span> <span class='ocrx_word' id='word_1_247' title='bbox 935 3006 981 3078; x_wconf 93' lang='lat' dir='ltr'>hi,</span> <span class='ocrx_word' id='word_1_248' title='bbox 994 3007 1047 3078; x_wconf 71' lang='lat' dir='ltr'>,qui</span> <span class='ocrx_word' id='word_1_249' title='bbox 1060 3005 1204 3064; x_wconf 87' lang='lat' dir='ltr'>habebant</span> <span class='ocrx_word' id='word_1_250' title='bbox 1219 3005 1391 3077; x_wconf 87' lang='lat' dir='ltr'>scripturas,</span> 
     </span>
     <span class='ocr_line' id='line_1_26' title="bbox 221 3106 1392 3185; baseline -0.002 -17"><span class='ocrx_word' id='word_1_251' title='bbox 221 3109 299 3183; x_wconf 89' lang='lat' dir='ltr'>quod</span> <span class='ocrx_word' id='word_1_252' title='bbox 318 3106 443 3168; x_wconf 72' lang='lat' dir='ltr'>cliristus</span> <span class='ocrx_word' id='word_1_253' title='bbox 458 3109 565 3170; x_wconf 89' lang='lat' dir='ltr'>domini</span> <span class='ocrx_word' id='word_1_254' title='bbox 578 3111 634 3168; x_wconf 89' lang='lat' dir='ltr'>illis</span> <span class='ocrx_word' id='word_1_255' title='bbox 649 3111 805 3184; x_wconf 91' lang='lat' dir='ltr'>promissus</span> <span class='ocrx_word' id='word_1_256' title='bbox 820 3117 895 3184; x_wconf 89' lang='lat' dir='ltr'>erat,</span> <span class='ocrx_word' id='word_1_257' title='bbox 919 3127 1003 3183; x_wconf 87' lang='lat' dir='ltr'>quem</span> <span class='ocrx_word' id='word_1_258' title='bbox 1025 3114 1055 3169; x_wconf 90' lang='lat' dir='ltr'>et</span> <span class='ocrx_word' id='word_1_259' title='bbox 1069 3114 1223 3185; x_wconf 84' lang='lat' dir='ltr'>expectare</span> <span class='ocrx_word' id='word_1_260' title='bbox 1239 3124 1270 3166; x_wconf 89' lang='lat' dir='ltr'>se</span> <span class='ocrx_word' id='word_1_261' title='bbox 1285 3107 1392 3181; x_wconf 88' lang='lat' dir='ltr'>gloria·</span> 
     </span>
     <span class='ocr_line' id='line_1_27' title="bbox 220 3213 1393 3292; baseline -0.001 -19"><span class='ocrx_word' id='word_1_262' title='bbox 220 3215 334 3273; x_wconf 86' lang='lat' dir='ltr'>bantur.</span> <span class='ocrx_word' id='word_1_263' title='bbox 372 3213 455 3273; x_wconf 85' lang='lat' dir='ltr'>Adde</span> <span class='ocrx_word' id='word_1_264' title='bbox 476 3213 553 3288; x_wconf 90' lang='lat' dir='ltr'>qnod</span> <span class='ocrx_word' id='word_1_265' title='bbox 576 3216 652 3274; x_wconf 90' lang='lat' dir='ltr'>solos</span> <span class='ocrx_word' id='word_1_266' title='bbox 673 3232 704 3274; x_wconf 89' lang='lat' dir='ltr'>se</span> <span class='ocrx_word' id='word_1_267' title='bbox 719 3216 812 3274; x_wconf 85' lang='lat' dir='ltr'>videri</span> <span class='ocrx_word' id='word_1_268' title='bbox 825 3215 974 3290; x_wconf 84' lang='lat' dir='ltr'>uolebant,</span> <span class='ocrx_word' id='word_1_269' title='bbox 990 3217 1039 3292; x_wconf 88' lang='lat' dir='ltr'>qni</span> <span class='ocrx_word' id='word_1_270' title='bbox 1054 3230 1158 3273; x_wconf 90' lang='lat' dir='ltr'>nomen</span> <span class='ocrx_word' id='word_1_271' title='bbox 1172 3213 1279 3272; x_wconf 89' lang='lat' dir='ltr'>domini</span> <span class='ocrx_word' id='word_1_272' title='bbox 1293 3213 1393 3286; x_wconf 83' lang='lat' dir='ltr'>magni</span> 
     </span>
     <span class='ocr_line' id='line_1_28' title="bbox 220 3315 1390 3392; baseline 0 -16"><span class='ocrx_word' id='word_1_273' title='bbox 220 3315 358 3391; x_wconf 86' lang='lat' dir='ltr'>facerent,</span> <span class='ocrx_word' id='word_1_274' title='bbox 375 3333 428 3376; x_wconf 91' lang='lat' dir='ltr'>nec</span> <span class='ocrx_word' id='word_1_275' title='bbox 443 3319 662 3390; x_wconf 74' lang='lat' dir='ltr'>pretendebant</span> <span class='ocrx_word' id='word_1_276' title='bbox 682 3320 759 3392; x_wconf 88' lang='lat' dir='ltr'>quod</span> <span class='ocrx_word' id='word_1_277' title='bbox 775 3319 918 3379; x_wconf 82' lang='lat' dir='ltr'>Christum</span> <span class='ocrx_word' id='word_1_278' title='bbox 934 3335 970 3378; x_wconf 91' lang='lat' dir='ltr'>eo</span> <span class='ocrx_word' id='word_1_279' title='bbox 985 3317 1147 3378; x_wconf 90' lang='lat' dir='ltr'>interficere</span> <span class='ocrx_word' id='word_1_280' title='bbox 1161 3320 1257 3377; x_wconf 91' lang='lat' dir='ltr'>animo</span> <span class='ocrx_word' id='word_1_281' title='bbox 1271 3317 1329 3378; x_wconf 89' lang='lat' dir='ltr'>illis</span> <span class='ocrx_word' id='word_1_282' title='bbox 1344 3333 1390 3388; x_wconf 60' lang='lat' dir='ltr'>se:</span> 
     </span>
     <span class='ocr_line' id='line_1_29' title="bbox 221 3420 1391 3508; baseline 0 -28"><span class='ocrx_word' id='word_1_283' title='bbox 221 3420 312 3491; x_wconf 91' lang='lat' dir='ltr'>deret,</span> <span class='ocrx_word' id='word_1_284' title='bbox 327 3421 407 3508; x_wconf 66' lang='lat' dir='ltr'>pund</span> <span class='ocrx_word' id='word_1_285' title='bbox 421 3423 560 3494; x_wconf 87' lang='lat' dir='ltr'>magistra</span> <span class='ocrx_word' id='word_1_286' title='bbox 579 3425 700 3482; x_wconf 88' lang='lat' dir='ltr'>veritate</span> <span class='ocrx_word' id='word_1_287' title='bbox 719 3439 818 3503; x_wconf 76' lang='lat' dir='ltr'>eorum</span> <span class='ocrx_word' id='word_1_288' title='bbox 832 3425 919 3485; x_wconf 80' lang='lat' dir='ltr'>uitam</span> <span class='ocrx_word' id='word_1_289' title='bbox 934 3425 1106 3498; x_wconf 87' lang='lat' dir='ltr'>corriperet,</span> <span class='ocrx_word' id='word_1_290' title='bbox 1130 3423 1181 3482; x_wconf 86' lang='lat' dir='ltr'>sed</span> <span class='ocrx_word' id='word_1_291' title='bbox 1197 3423 1265 3495; x_wconf 81' lang='lat' dir='ltr'>orda</span> <span class='ocrx_word' id='word_1_292' title='bbox 1282 3420 1321 3498; x_wconf 93' lang='lat' dir='ltr'>(si</span> <span class='ocrx_word' id='word_1_293' title='bbox 1336 3421 1391 3480; x_wconf 86' lang='lat' dir='ltr'>diis</span> 
     </span>
     <span class='ocr_line' id='line_1_30' title="bbox 221 3523 1391 3603; baseline 0 -17"><span class='ocrx_word' id='word_1_294' title='bbox 221 3523 329 3602; x_wconf 87' lang='lat' dir='ltr'>placet)</span> <span class='ocrx_word' id='word_1_295' title='bbox 349 3541 381 3584; x_wconf 91' lang='lat' dir='ltr'>se</span> <span class='ocrx_word' id='word_1_296' title='bbox 394 3524 530 3588; x_wconf 86' lang='lat' dir='ltr'>christum</span> <span class='ocrx_word' id='word_1_297' title='bbox 546 3527 653 3586; x_wconf 92' lang='lat' dir='ltr'>domini</span> <span class='ocrx_word' id='word_1_298' title='bbox 668 3528 847 3603; x_wconf 84' lang='lat' dir='ltr'>mentiretur,</span> <span class='ocrx_word' id='word_1_299' title='bbox 876 3530 977 3588; x_wconf 65' lang='grc' dir='ltr'>οιειαιι</span> <span class='ocrx_word' id='word_1_300' title='bbox 989 3528 1120 3589; x_wconf 89' lang='lat' dir='ltr'>homines</span> <span class='ocrx_word' id='word_1_301' title='bbox 1134 3527 1333 3600; x_wconf 86' lang='lat' dir='ltr'>immorigeros</span> <span class='ocrx_word' id='word_1_302' title='bbox 1347 3524 1391 3586; x_wconf 86' lang='lat' dir='ltr'>fa·</span> 
     </span>
     <span class='ocr_line' id='line_1_31' title="bbox 221 3631 1391 3708; baseline -0.003 -16"><span class='ocrx_word' id='word_1_303' title='bbox 221 3647 287 3697; x_wconf 83' lang='lat' dir='ltr'>rare</span> <span class='ocrx_word' id='word_1_304' title='bbox 301 3637 458 3708; x_wconf 71' lang='lat' dir='ltr'>renuetur</span> <span class='ocrx_word' id='word_1_305' title='bbox 469 3635 499 3690; x_wconf 89' lang='lat' dir='ltr'>et</span> <span class='ocrx_word' id='word_1_306' title='bbox 513 3631 648 3704; x_wconf 90' lang='lat' dir='ltr'>quioquid</span> <span class='ocrx_word' id='word_1_307' title='bbox 662 3631 692 3690; x_wconf 94' lang='lat' dir='ltr'>id</span> <span class='ocrx_word' id='word_1_308' title='bbox 708 3637 764 3706; x_wconf 89' lang='lat' dir='ltr'>est,</span> <span class='ocrx_word' id='word_1_309' title='bbox 788 3649 824 3692; x_wconf 86' lang='lat' dir='ltr'>ex</span> <span class='ocrx_word' id='word_1_310' title='bbox 838 3649 897 3706; x_wconf 80' lang='lat' dir='ltr'>qno</span> <span class='ocrx_word' id='word_1_311' title='bbox 912 3633 970 3694; x_wconf 88' lang='lat' dir='ltr'>odii</span> <span class='ocrx_word' id='word_1_312' title='bbox 984 3633 1028 3692; x_wconf 89' lang='lat' dir='ltr'>sui</span> <span class='ocrx_word' id='word_1_313' title='bbox 1049 3633 1196 3706; x_wconf 84' lang='lat' dir='ltr'>perinanis</span> <span class='ocrx_word' id='word_1_314' title='bbox 1211 3632 1391 3706; x_wconf 81' lang='lat' dir='ltr'>quaerebant.</span> 
     </span>
     <span class='ocr_line' id='line_1_32' title="bbox 221 3735 1391 3810; baseline 0 -14"><span class='ocrx_word' id='word_1_315' title='bbox 221 3737 347 3798; x_wconf 83' lang='lat' dir='ltr'>Maxime</span> <span class='ocrx_word' id='word_1_316' title='bbox 367 3744 463 3798; x_wconf 89' lang='lat' dir='ltr'>autem</span> <span class='ocrx_word' id='word_1_317' title='bbox 486 3736 563 3810; x_wconf 89' lang='lat' dir='ltr'>quod</span> <span class='ocrx_word' id='word_1_318' title='bbox 587 3735 745 3796; x_wconf 76' lang='lat' dir='ltr'>ducturam</span> <span class='ocrx_word' id='word_1_319' title='bbox 771 3737 972 3798; x_wconf 86' lang='lat' dir='ltr'>traditionibus</span> <span class='ocrx_word' id='word_1_320' title='bbox 992 3744 1021 3798; x_wconf 91' lang='lat' dir='ltr'>et</span> <span class='ocrx_word' id='word_1_321' title='bbox 1040 3738 1181 3797; x_wconf 88' lang='lat' dir='ltr'>communi</span> <span class='ocrx_word' id='word_1_322' title='bbox 1200 3739 1265 3796; x_wconf 83' lang='lat' dir='ltr'>uerri</span> <span class='ocrx_word' id='word_1_323' title='bbox 1284 3753 1391 3810; x_wconf 81' lang='lat' dir='ltr'>repug-</span> 
     </span>
     <span class='ocr_line' id='line_1_33' title="bbox 222 3841 1393 3914; baseline 0 -14"><span class='ocrx_word' id='word_1_324' title='bbox 222 3847 337 3910; x_wconf 81' lang='lat' dir='ltr'>nantem</span> <span class='ocrx_word' id='word_1_325' title='bbox 351 3841 476 3900; x_wconf 89' lang='lat' dir='ltr'>dooeret.</span> <span class='ocrx_word' id='word_1_326' title='bbox 515 3842 570 3900; x_wconf 89' lang='lat' dir='ltr'>Hic</span> <span class='ocrx_word' id='word_1_327' title='bbox 586 3857 700 3914; x_wconf 87' lang='lat' dir='ltr'>quoque</span> <span class='ocrx_word' id='word_1_328' title='bbox 714 3843 845 3902; x_wconf 78' lang='lat' dir='ltr'>nomibil</span> <span class='ocrx_word' id='word_1_329' title='bbox 860 3843 896 3902; x_wconf 89' lang='lat' dir='ltr'>de</span> <span class='ocrx_word' id='word_1_330' title='bbox 910 3844 1083 3906; x_wconf 74' lang='lat' dir='ltr'>Asianorum</span> <span class='ocrx_word' id='word_1_331' title='bbox 1098 3843 1166 3901; x_wconf 90' lang='lat' dir='ltr'>olim</span> <span class='ocrx_word' id='word_1_332' title='bbox 1180 3843 1212 3900; x_wconf 93' lang='lat' dir='ltr'>in</span> <span class='ocrx_word' id='word_1_333' title='bbox 1226 3858 1295 3901; x_wconf 88' lang='lat' dir='ltr'>vere</span> <span class='ocrx_word' id='word_1_334' title='bbox 1310 3841 1393 3900; x_wconf 87' lang='lat' dir='ltr'>Chri·</span> 
     </span>
     <span class='ocr_line' id='line_1_34' title="bbox 222 3928 1391 4023; baseline 0.003 -22"><span class='ocrx_word' id='word_1_335' title='bbox 222 3928 329 4002; x_wconf 74' lang='lat' dir='ltr'>suanos</span> <span class='ocrx_word' id='word_1_336' title='bbox 342 3948 555 4021; x_wconf 88' lang='lat' dir='ltr'>persecutione,</span> <span class='ocrx_word' id='word_1_337' title='bbox 578 3949 628 4019; x_wconf 87' lang='lat' dir='ltr'>qui</span> <span class='ocrx_word' id='word_1_338' title='bbox 647 3951 677 4006; x_wconf 89' lang='lat' dir='ltr'>et</span> <span class='ocrx_word' id='word_1_339' title='bbox 695 3949 751 4020; x_wconf 89' lang='lat' dir='ltr'>ipsi</span> <span class='ocrx_word' id='word_1_340' title='bbox 765 3949 824 4006; x_wconf 91' lang='lat' dir='ltr'>alio</span> <span class='ocrx_word' id='word_1_341' title='bbox 836 3953 979 4021; x_wconf 72' lang='lat' dir='ltr'>pretextu</span> <span class='ocrx_word' id='word_1_342' title='bbox 999 3949 1143 4023; x_wconf 89' lang='lat' dir='ltr'>prosecuti</span> <span class='ocrx_word' id='word_1_343' title='bbox 1158 3946 1283 4020; x_wconf 78' lang='lat' dir='ltr'>inerant,</span> <span class='ocrx_word' id='word_1_344' title='bbox 1300 3946 1391 4022; x_wconf 81' lang='lat' dir='ltr'>disse-</span> 
     </span>
     <span class='ocr_line' id='line_1_35' title="bbox 221 4047 1388 4129; baseline 0.003 -23"><span class='ocrx_word' id='word_1_345' title='bbox 221 4049 280 4106; x_wconf 91' lang='lat' dir='ltr'>ruit</span> <span class='ocrx_word' id='word_1_346' title='bbox 295 4047 387 4124; x_wconf 82' lang='lat' dir='ltr'>(Lege</span> <span class='ocrx_word' id='word_1_347' title='bbox 401 4049 810 4125; x_wconf 80' lang='lat' dir='ltr'>Eusebium,ecelesiasticam</span> <span class='ocrx_word' id='word_1_348' title='bbox 824 4053 974 4114; x_wconf 85' lang='lat' dir='ltr'>ldstoriam</span> <span class='ocrx_word' id='word_1_349' title='bbox 987 4053 1177 4129; x_wconf 73' lang='lat' dir='ltr'>tripartitam,</span> <span class='ocrx_word' id='word_1_350' title='bbox 1194 4053 1263 4110; x_wconf 89' lang='lat' dir='ltr'>item</span> <span class='ocrx_word' id='word_1_351' title='bbox 1278 4053 1388 4111; x_wconf 85' lang='lat' dir='ltr'>Hilari·</span> 
     </span>
     <span class='ocr_line' id='line_1_36' title="bbox 222 4153 1388 4232; baseline 0.005 -22"><span class='ocrx_word' id='word_1_352' title='bbox 222 4167 270 4210; x_wconf 90' lang='lat' dir='ltr'>um</span> <span class='ocrx_word' id='word_1_353' title='bbox 285 4153 321 4212; x_wconf 91' lang='lat' dir='ltr'>de</span> <span class='ocrx_word' id='word_1_354' title='bbox 336 4157 535 4226; x_wconf 87' lang='lat' dir='ltr'>persecutione</span> <span class='ocrx_word' id='word_1_355' title='bbox 549 4153 678 4232; x_wconf 73' lang='lat' dir='ltr'>Africa).</span> <span class='ocrx_word' id='word_1_356' title='bbox 717 4157 832 4218; x_wconf 87' lang='lat' dir='ltr'>Ethnici</span> <span class='ocrx_word' id='word_1_357' title='bbox 846 4175 915 4219; x_wconf 81' lang='lat' dir='ltr'>vero</span> <span class='ocrx_word' id='word_1_358' title='bbox 929 4160 975 4218; x_wconf 87' lang='lat' dir='ltr'>vel</span> <span class='ocrx_word' id='word_1_359' title='bbox 989 4160 1112 4232; x_wconf 85' lang='lat' dir='ltr'>gentiles</span> <span class='ocrx_word' id='word_1_360' title='bbox 1126 4157 1306 4216; x_wconf 78' lang='lat' dir='ltr'>Christianos</span> <span class='ocrx_word' id='word_1_361' title='bbox 1320 4173 1388 4231; x_wconf 92' lang='lat' dir='ltr'>sup·</span> 
     </span>
     <span class='ocr_line' id='line_1_37' title="bbox 221 4243 1393 4348; baseline 0.005 -34"><span class='ocrx_word' id='word_1_362' title='bbox 221 4257 314 4348; x_wconf 81' lang='lat' dir='ltr'>pliciis</span> <span class='ocrx_word' id='word_1_363' title='bbox 329 4255 500 4333; x_wconf 84' lang='lat' dir='ltr'>alliciebant,</span> <span class='ocrx_word' id='word_1_364' title='bbox 523 4261 594 4318; x_wconf 93' lang='lat' dir='ltr'>nihil</span> <span class='ocrx_word' id='word_1_365' title='bbox 609 4243 753 4322; x_wconf 75' lang='lat' dir='ltr'>morantes</span> <span class='ocrx_word' id='word_1_366' title='bbox 768 4280 889 4326; x_wconf 76' lang='lat' dir='ltr'>verusne</span> <span class='ocrx_word' id='word_1_367' title='bbox 905 4281 942 4324; x_wconf 88' lang='lat' dir='ltr'>an</span> <span class='ocrx_word' id='word_1_368' title='bbox 956 4263 1289 4338; x_wconf 79' lang='lat' dir='ltr'>pseudochristusesset,</span> <span class='ocrx_word' id='word_1_369' title='bbox 1307 4277 1393 4338; x_wconf 88' lang='lat' dir='ltr'>quem</span> 
     </span>
     <span class='ocr_line' id='line_1_38' title="bbox 221 4362 1393 4440; baseline 0.008 -20"><span class='ocrx_word' id='word_1_370' title='bbox 221 4362 345 4440; x_wconf 86' lang='lat' dir='ltr'>apostoli</span> <span class='ocrx_word' id='word_1_371' title='bbox 366 4363 578 4422; x_wconf 87' lang='lat' dir='ltr'>annunciabant</span> <span class='ocrx_word' id='word_1_372' title='bbox 598 4371 628 4424; x_wconf 92' lang='lat' dir='ltr'>et</span> <span class='ocrx_word' id='word_1_373' title='bbox 646 4368 735 4426; x_wconf 86' lang='lat' dir='ltr'>ceteri</span> <span class='ocrx_word' id='word_1_374' title='bbox 756 4367 862 4428; x_wconf 84' lang='lat' dir='ltr'>Christi</span> <span class='ocrx_word' id='word_1_375' title='bbox 882 4367 983 4430; x_wconf 89' lang='lat' dir='ltr'>fideles</span> <span class='ocrx_word' id='word_1_376' title='bbox 1000 4366 1224 4428; x_wconf 80' lang='lat' dir='ltr'>confitebantur.</span> <span class='ocrx_word' id='word_1_377' title='bbox 1260 4367 1301 4425; x_wconf 85' lang='lat' dir='ltr'>lli</span> <span class='ocrx_word' id='word_1_378' title='bbox 1315 4367 1393 4429; x_wconf 83' lang='lat' dir='ltr'>euim</span> 
     </span>
     <span class='ocr_line' id='line_1_39' title="bbox 221 4467 1391 4568; baseline 0.006 -44"><span class='ocrx_word' id='word_1_379' title='bbox 221 4481 274 4526; x_wconf 91' lang='lat' dir='ltr'>nec</span> <span class='ocrx_word' id='word_1_380' title='bbox 287 4467 376 4528; x_wconf 87' lang='lat' dir='ltr'>libros</span> <span class='ocrx_word' id='word_1_381' title='bbox 390 4467 472 4544; x_wconf 87' lang='lat' dir='ltr'>legis,</span> <span class='ocrx_word' id='word_1_382' title='bbox 494 4484 547 4528; x_wconf 90' lang='lat' dir='ltr'>neo</span> <span class='ocrx_word' id='word_1_383' title='bbox 561 4471 718 4544; x_wconf 88' lang='lat' dir='ltr'>scripturas</span> <span class='ocrx_word' id='word_1_384' title='bbox 734 4489 831 4532; x_wconf 74' lang='lat' dir='ltr'>meras</span> <span class='ocrx_word' id='word_1_385' title='bbox 850 4478 901 4534; x_wconf 90' lang='lat' dir='ltr'>aut</span> <span class='ocrx_word' id='word_1_386' title='bbox 915 4473 1071 4550; x_wconf 88' lang='lat' dir='ltr'>prophetas</span> <span class='ocrx_word' id='word_1_387' title='bbox 1085 4473 1237 4534; x_wconf 79' lang='lat' dir='ltr'>ueritatem</span> <span class='ocrx_word' id='word_1_388' title='bbox 1251 4474 1391 4568; x_wconf 83' lang='lat' dir='ltr'>annunci-</span> 
     </span>
    </p>
   </div>
   <div class='ocr_carea' id='block_1_7' title="bbox 0 0 1521 5112">
    <p class='ocr_par' dir='ltr' id='par_1_7' title="bbox 0 0 1521 5112">
     <span class='ocr_line' id='line_1_40' title="bbox 0 0 1521 5112; baseline 0 0"><span class='ocrx_word' id='word_1_389' title='bbox 0 0 1521 5112; x_wconf 95' lang='lat' dir='ltr'> </span> 
     </span>
    </p>
   </div>
  </div>
 </body>
</html>
