3020 5112
685 374 832 451 ι2ῡο

201 561 263 622 dei
278 559 446 632 sapientiam
462 563 490 616 et
511 557 680 632 bonitatem,
701 572 766 616 cum
785 555 838 615 snb
858 554 957 616 eodem
977 556 1051 618 coelo
1074 557 1237 626 incudem
1260 555 1401 618 mnium

217 667 266 725 vix
281 664 423 724 interdum
438 663 515 722 mille
530 663 624 722 stedia
640 661 779 722 disumes
795 676 920 720 noverca
934 667 963 720 et
977 677 1031 735 ego
1051 663 1129 722 intra
1147 679 1269 722 annum
1291 668 1324 722 et
1343 679 1401 722 ses·

215 771 265 844 qui
279 765 368 828 affatu
383 767 495 842 dignati
509 783 568 826 nou.
577 767 697 826 invicem
713 781 771 826 non
786 766 883 840 siuns,
898 766 929 824 iu
943 765 1111 827 Vindeliciis
1126 769 1298 844 gestientes
1315 767 1401 842 colle-

216 875 337 948 quimur.
368 873 423 932 Illa
437 877 531 931 autem
551 876 658 944 praeter
678 875 805 930 mutuam
823 869 1010 931 honorificam
1030 873 1241 935 salutationem
1264 873 1401 947 querelas

211 979 284 1052 jocis
301 982 329 1036 et
345 979 422 1036 serie
433 977 567 1051 jucundis
582 977 704 1034 miscens
720 975 756 1034 de
771 976 867 1035 mulus
882 976 979 1036 locuta
993 981 1045 1036 est.
1068 976 1109 1036 At
1119 977 1205 1052 -vide,
1225 993 1319 1050 quum
1334 987 1400 1036 vere

215 1085 299 1157 vulgo
316 1082 424 1156 dieant;
447 1081 526 1158 ltere
542 1082 761 1172 calamitesuna
776 1059 948 1140 11111111ιὶ1.ι
969 1074 1138 1151 Dum'intra
1157 1081 1401 1156 hybernaculmn

201 1191 292 1248 sitim
306 1188 442 1260 levamus,
459 1203 610 1246 acem‘rens
626 1203 709 1246 soron
723 1185 880 1244 Catharinu
894 1185 979 1244 mati
993 1187 1042 1260 ait,
1058 1185 1251 1246 Bernardum
1264 1187 1399 1260 auuigam

206 1294 383 1366 sangninem
399 1307 435 1349 ex
450 1293 567 1352 naudus
583 1298 612 1352 ct
626 1308 676 1351 ore
691 1292 800 1350 stillare
815 1289 921 1364 otiare
937 1291 1095 1350 exanimem
1109 1291 1399 1366 humoprostratum

211 1401 319 1473 jacere.
358 1398 542 1456 decurrimus
568 1398 656 1472 igitur
677 1413 787 1470 omnes,
812 1395 979 1462 admovetur
1002 1396 1076 1482 lepis
1095 1397 1274 1470 unanimem
1295 1397 1398 1456 sistere

216 1509 315 1568 suetus
332 1519 408 1591 equa
426 1499 531 1574 frigida
550 1497 662 1561 radices
682 1487 712 1561 et
732 1501 943 1584 nard-semen.
979 1483 1112 1560 'Tandem
1133 1517 1152 1560 a
1171 1495 1270 1562 terra
1286 1502 1398 1568 levatus

216 1589 363 1682 paululum
378 1606 543 1680 respirauit,
559 1605 610 1665 sed
625 1605 751 1665 nondum
763 1605 869 1686 mutire
884 1605 987 1680 potnit.
1010 1607 1045 1666 In
1059 1606 1184 1668 mentem
1193 1600 1301 1667 autem
1315 1607 1397 1666 nobis

203 1713 295 1770 *venit
304 1710 340 1770 de
350 1711 502 1793 laguncula
518 1716 647 1786 stannea,
664 1727 749 1786 quam
763 1727 835 1784 puer
850 1689 950 1787 noster
964 1712 995 1770 in
1010 1711 1242 1790 peragestabat.
1268 1711 1397 1786 Accepta

200 1853 206 1858 .,
216 1818 304 1891 igitur
319 1833 337 1875 a
351 1833 442 1891 puero
457 1816 611 1890 laguncula
626 1832 725 1890 paucae
740 1816 860 1890 gnttnlae
879 1831 962 1889 aquae
981 1815 1072 1890 illius,
1094 1832 1181 1890 quem
1200 1817 1275 1876 vitae
1297 1815 1394 1890 appel·

216 1923 287 1995 ient,
305 1922 463 1995 opitulante
473 1921 529 1980 deo
538 1921 611 2006 edeo
624 1919 795 1994 refecerunt,
811 1916 888 1980 utet
901 1919 957 1980 fari
972 1926 1001 1980 et
1016 1937 1068 1980 nos
1083 1937 1246 1996 agnoscere
1262 1919 1392 1994 coeperit.

217 2025 294 2086 Mire
308 2030 404 2085 eutem
418 2024 472 2085 hoc
487 2017 675 2086 intortunium
691 2004 796 2084 euenit.
828 2025 905 2084 Dum
920 2028 996 2086 enim
1010 2025 1100 2086 irater
1115 2027 1275 2102 Philippus
1291 2028 1322 2083 et
1340 2039 1393 2096 ego

217 2145 349 2192 novercae
369 2132 423 2190 vie
445 2130 564 2189 taedium
586 2131 693 2190 lavare*
706 2147 842 2190 conemur
864 2146 898 2190 ec
919 2129 1019 2190 famuli
1041 2148 1114 2205 equo
1135 2127 1393 2200 insidentesforte

217 2236 326 2308 largius
334 2215 423 2308 Ly‘aeo
433 2235 527 2309 litant,
544 2235 647 2311 auriga
659 2237 706 2295 hic
720 2240 750 2296 et
764 2237 831 2296 vinc
846 2241 875 2294 et
890 2251 989 2328 somno
1005 2237 1123 2298 obrutus
1138 2235 1305 2302 donmitans
1321 2247 1393 2307 equo

218 2339 324 2399 insedit
340 2345 369 2398 et
384 2339 460 2399 dicto
476 2339 559 2402 citius
574 2340 605 2428 in
619 2345 727 2400 terram
741 2339 896 2414 prolabens
911 2347 992 2402 tanto
1012 2357 1095 2415 casu,
1118 2346 1151 2401 nt
1169 2353 1287 2416 pronus
1308 2353 1391 2412 super

216 2444 321 2504 faciem
336 2461 421 2502 nares
437 2441 560 2518 finderet
573 2459 631 2504 non
646 2443 729 2505 aliter
744 2462 778 2504 ec
793 2447 817 2505 si
832 2447 927 2512 securi
941 2463 960 2506 u
974 2447 1108 2532 quopiam
1118 2447 1292 2538 vnlneratus
1308 2446 1390 2504 esset.

218 2550 381 2616 Sicoruore
398 2548 530 2624 auribus,
547 2555 643 2610 creet
658 2550 776 2610 nuribus
791 2549 952 2625 profluente
966 2567 1050 2626 paene
1064 2552 1207 2630 hominem
1224 2549 1388 2610 mffoceret.

217 2656 306 2714 Jussu
320 2655 417 2738 itaque
433 2653 554 2714 dominae
569 2671 629 2714 suae
643 2656 718 2730 bigae
732 2655 895 2729 impositum
909 2657 1068 2732 Augustam
1081 2657 1197 2743 vehunt.

216 2774 219 2780 ¹
306 2759 439 2820 Nouerca
447 2776 561 2833 quoque
568 2763 758 2847 nesuopepit
772 2766 807 2846 ut
822 2763 883 2834 ejus
898 2762 1014 2843 nomina
1027 2763 1110 2821 uxori
1125 2762 1249 2831 saluum
1264 2761 1387 2822 dicerem

202 2867 374 2944 ·(mirumin
389 2867 504 2926 modum
511 2864 694 2936 Anasta-siem
708 2866 840 2934 laudibus
856 2867 1009 2943 extollens)
1022 2868 1109 2940 Jussit
1123 2883 1159 2926 ae
1169 2867 1308 2930 subditos
1323 2877 1387 2924 snos

205 2971 285 3032 ¹iidei
300 2975 408 3030 nostrae
422 2972 570 3031 commisit.
607 2972 665 3032 Sed
679 2973 778 3032 multa
793 2989 908 3044 resnec
926 2971 1037 3046 frigidae
1057 2987 1111 3032 nec
1129 2971 1234 3046 tepidae
1255 2975 1335 3044 sunt,
1358 2972 1387 3026 at

218 3079 345 3164 palatum
360 3077 471 3137 aridum
487 3093 572 3150 quam
586 3061 701 3136 minime
716 3075 899 3152 redigerent.

202 3213 205 3219 ·
241 3225 242 3228 ,
307 3171 382 3242 Dedi
397 3184 552 3266 sororcula
567 3173 597 3242 in
611 3198 713 3264 munus
727 3183 913 3247 honorarium
932 3189 1085 3244 coronatos
1104 3189 1236 3258 quotuor.
1267 3183 1383 3242 Postea·

219 3305 304 3362 quam
318 3304 388 3352 vere
403 3288 480 3362 apud
494 3289 585 3363 ipsam
601 3267 689 3364 hores
704 3288 776 3351 duas
790 3289 922 3348 trivimus
936 3293 1035 3348 mutuo
1049 3289 1126 3375 bona
1141 3290 1332 3364 imprecantes
1351 3297 1383 3341 ec

116 3441 123 3447 ,
168 3409 169 3412 ’
219 3407 348 3452 novercae
364 3408 416 3451 nec
430 3409 489 3451 nou
504 3393 659 3458 sororcula
673 3391 865 3452 valedicentes
880 3393 931 3453 illa
945 3375 1105 3469 Augustam
1119 3394 1269 3454 comitibus
1289 3403 1383 3450 sorore

219 3503 248 3556 et
262 3498 389 3573 nympha
398 3495 549 3574 *Schadem
572 3497 642 3556 Elsa
662 3498 812 3572 aaBirgel
827 3515 861 3576 ac
874 3499 905 3558 in
920 3489 1048 3573 equata
1063 3499 1172 3580 habens
1188 3497 1350 3560 conradum
1365 3508 1381 3550 a

220 3601 352 3662 Geismar
367 3606 396 3662 et
411 3603 585 3662 Joanneme
604 3603 840 3663 Wolmerckusen
857 3607 999 3678 jnniorem
1020 3609 1100 3664 recta
1119 3604 1201 3678 petit.
1228 3605 1296 3678 Ego
1315 3613 1381 3660 vero

218 3709 267 3768 ubi
274 3702 564 3792 Philippnmfnatrem
571 3710 906 3797 convenissemacmeiili
913 3709 1162 3782 commendassem,
1172 3708 1309 3772 Werdam
1316 3711 1378 3780 pno-

219 3831 289 3890 pere
305 3816 455 3875 contendo.
469 3813 628 3900 ‘Werdam-
638 3816 865 3883 antemusium
879 3817 990 3878 interea
1004 3816 1140 3890 temporis
1157 3813 1234 3887 quod
1248 3814 1379 3900 Angusta

218 3917 260 3977 fui
281 3917 408 3978 intellexi
426 3937 545 3980 uxorem
559 3899 681 3995 hospitis
695 3921 787 3980 nostri
803 3921 909 3981 ,111111
925 3921 1096 3981 excessisse:
1124 3919 1182 3980 Det
1196 3921 1239 3980 illi
1254 3917 1377 3982 dominus

219 4019 595 4116 beatamjresunrectionem.
623 4025 736 4100 Hospes
753 4025 866 4099 quidem
881 4032 942 4085 tum
958 4026 1041 4086 domo
1056 4025 1168 4100 aberat,
1184 4025 1376 4086 1111111111-

219 4133 277 4186 tem
292 4143 425 4189 reversus
441 4131 490 4204 ait,
508 4115 671 4197 ementitam
686 4147 748 4192 esse
763 4131 962 4206 gloriationem
975 4132 1063 4204 illem,
1080 4130 1156 4216 quod
1171 4131 1376 4202 Norinbugen·

220 4248 265 4295 ses
280 4234 395 4295 interim
410 4233 481 4299 illud
495 4239 679 4310 recepissent.
789 4269 792 4278 ·

251 4413 256 4420 ¹
273 4377 278 4384 ι
310 4339 426 4399 Werdae
442 4330 521 4402 in'eo
538 4342 698 4428 coenaculo,
720 4342 917 4424 ubiprinceps
932 4347 1030 4403 noster
1045 4338 1374 4416 diutine-detentusjest

222 4427 332 4525 aulicus
345 4445 468 4521 'quddam
483 4463 518 4525 ex
532 4445 673 4508 famulitio
687 4445 985 4542 Albertimarchionis
1000 4447 1147 4509 nobiscum
1161 4451 1294 4508 eoenauit.
1323 4439 1374 4503 lbi·
