3020 5112
673 435 736 502 tet

108 621 249 684 Tandem
267 617 465 682 mutuouobis
480 616 577 680 fausta
591 621 622 680 in
636 619 749 681 Christo
764 625 915 696 precantes
931 621 981 682 ille
990 621 1109 684 domum
1124 642 1218 700 suem,
1235 645 1289 701 ego

97 731 216 788 autem
230 724 270 786 ed
284 724 438 800 hospitium
453 723 611 818 regredior.

208 833 338 892 domes
361 828 483 890 Goselus
504 827 644 890 ducentos
667 835 696 889 et
717 831 926 906 quinquaginta
950 829 1075 892 florenos
1099 833 1137 893 ad
1156 833 1291 896 bimestre

114 945 233 1013 tempus
248 935 332 996 nobie
347 939 446 998 mutuo
460 933 550 994 dedit.

206 1041 359 1102 Famulum
374 1039 411 1100 ad
426 1037 578 1100 illusorum
592 1039 672 1113 misi,
694 1045 726 1100 ut
740 1040 829 1114 siqui
844 1040 882 1100 ad
896 1042 1053 1117 principem
1073 1059 1155 1104 suum
1177 1044 1290 1108 litteras

112 1147 187 1208 dare
201 1146 297 1219 vellet,
320 1160 370 1203 eas
385 1145 464 1203 ocius
479 1141 689 1218 conscriberet,
711 1159 777 1204 nem
791 1162 836 1204 me
851 1145 905 1204 sub
920 1149 1050 1206 oemvam
1065 1147 1288 1210 binc-discessu·

111 1251 190 1313 runt.
213 1251 332 1310 Interim
347 1249 378 1308 iu
391 1233 526 1324 hospitio,
544 1263 608 1322 qum
623 1249 661 1308 ad
676 1247 879 1323 profectionem
895 1251 1059 1312 necessarie
1074 1259 1166 1327 erant,
1183 1270 1287 1328 parare

109 1359 196 1434 jussi.
263 1403 267 1410 .
652 1373 654 1376 ·
1214 1427 1215 1433 ἵ

207 1461 346 1522 Volebam
361 1464 392 1519 et
406 1458 602 1520 deilicolaum
616 1459 712 1520 Maier
725 1461 887 1534 convenire,
905 1475 1003 1522 verum
1019 1463 1043 1522 is
1059 1464 1184 1524 nondum
1202 1440 1285 1526 ado-

114 1569 193 1628 mino
210 1565 347 1631 Udalrioo
362 1579 495 1626 reversas
511 1567 583 1624 eret.

207 1673 280 1732 Post
294 1673 444 1746 septimam
459 1685 561 1730 mrsus
575 1669 709 1730 liborius
725 1645 929 1745 Obernburger
943 1673 1013 1732 adit.
1037 1673 1102 1748 Ego
1117 1673 1288 1738 Atrebatem·

115 1795 178 1840 sem
193 1778 348 1839 convenire
363 1776 460 1836 statui.
491 1773 539 1834 Ad
553 1775 662 1832 curiam
677 1777 773 1832 eutem
789 1775 919 1846 presulis
934 1777 1050 1836 veniens
1070 1777 1176 1836 ibidem
1186 1771 1286 1840 'Dido-

115 1900 182 1943 nem
199 1881 438 1955 aKniepbausen
463 1879 568 1940 inveni.
599 1879 646 1942 Ex
667 1880 722 1940 hoc
744 1879 923 1953 quaerebem,
947 1880 1017 1954 quid
1035 1881 1210 1942 marschalco
1230 1883 1286 1944 Pa·

115 1988 252 2065 penbeim
266 2004 321 2063 pro
335 2001 415 2046 more
430 2001 466 2044 en
481 1989 547 2044 actu
562 1985 612 2044 illo
624 1983 788 2044 deberetur.
812 1983 981 2060 Respondit,
997 1985 1206 2066 nihilprorsus,
1222 2005 1288 2047 nem

116 2110 176 2154 non
189 2092 306 2152 memini
320 2092 367 2150 vel
380 2102 426 2150 me
440 2091 487 2150 vel
501 2089 634 2158 comitem
649 2089 824 2164 aRethberg
839 2092 993 2164 quicquam
1005 2089 1047 2148 illi
1063 2089 1186 2150 dedisse.
1210 2091 1287 2152 Dum

116 2201 216 2272 itaque
230 2196 267 2256 de
281 2195 454 2255 redimendis
469 2195 572 2254 litteris
582 2194 772 2269 remissoris,
796 2201 828 2254 ut
842 2200 961 2269 uocant,
981 2210 1033 2254 nos
1048 2196 1104 2254 duo
1120 2195 1285 2256 confabula-

116 2319 229 2377 remur,
253 2305 415 2376 opportune
437 2300 768 2362 Zuichenusasturcoae
782 2305 886 2360 uectus
908 2300 1013 2360 ibidem
1035 2297 1126 2361 sdest.
1165 2301 1211 2360 Ex
1232 2301 1287 2363 boc

116 2410 206 2484 igitur
220 2407 425 2480 Kniepbausen
441 2405 552 2480 singule
566 2405 725 2465 sciscitatus
740 2412 827 2479 etque
841 2406 904 2466 haec
919 2405 1035 2466 edoctus
1051 2411 1108 2482 eet,
1131 2407 1196 2467 illes
1210 2407 1287 2468 inira

35 2567 45 2588 ,
120 2516 259 2575 ducentos
274 2510 403 2572 florenos·
414 2526 473 2570 non
487 2503 599 2570 redinii.
630 2511 709 2571 Nota
724 2518 820 2572 autem
835 2513 921 2572 eliam
936 2511 998 2572 e‘sse
1014 2514 1156 2573 rationem
1173 2520 1285 2588 “eorum,

118 2633 242 2695 quorum
256 2616 453 2692 possessiones
467 2629 558 2674 caeser
573 2615 658 2674 alicui
673 2617 709 2675 ab
717 2633 754 2683 so
761 2618 807 2676 vel
815 2633 1010 2691 possessorem
1018 2619 1201 2678 redimendas
1210 2619 1286 2679 dono

118 2724 245 2796 dederit,
270 2722 300 2780 et
318 2735 431 2792 eorum,
455 2736 473 2778 a
495 2718 597 2792 quibus
619 2733 710 2799 caesar
724 2722 786 2793 ipse
800 2720 934 2780 mulctam
949 2722 1063 2795 accipit.
1096 2721 1142 2780 Ex
1157 2724 1286 2796 priorum

118 2831 194 2890 enim
208 2827 361 2902 largitione
376 2830 427 2885 eut
441 2824 564 2901 propina
579 2825 755 2885 cancellariae
771 2825 816 2903 (nt
831 2823 962 2900 vocant),
986 2826 1040 2886 hoc
1060 2834 1106 2886 est
1127 2827 1285 2889 scribarum

117 2934 263 3007 sodalitio,
280 2931 451 2990 centesimus
465 2945 595 2988 nummus
611 2929 694 2989 cedit.
725 2930 791 2989 Mos
807 2933 882 2990 enim
898 2935 941 2988 est
957 2935 1061 3004 taxum,
1078 2936 1110 2988 ut
1125 2937 1236 3005 vocant,
1253 2938 1286 2991 ut

118 3054 217 3099 eorum
239 3034 328 3096 verbo
351 3039 430 3109 utar,
460 3034 621 3093 litterarum
643 3033 717 3093 fieri.
761 3035 819 3094 Sed
840 3034 879 3095 ad
902 3034 1123 3094 Atrebatensem
1145 3041 1284 3095 revertur.

116 3143 239 3204 Animus
258 3145 354 3200 autem
376 3143 440 3200 erat
459 3138 539 3208 illum
560 3139 712 3198 convenire
732 3157 766 3198 ec
787 3141 896 3215 gratim
915 3140 958 3198 illi
977 3156 1081 3215 agerer
1102 3141 1153 3200 scd
1171 3147 1285 3213 tempus

117 3248 307 3329 dilabebatur
315 3252 345 3306 et
358 3245 514 3306 timendum
529 3244 598 3302 mihi
613 3242 722 3319 nerct,
746 3262 782 3304 ne
797 3249 864 3315 ante
879 3249 1009 3304 noenum
1032 3229 1151 3303 ebitum*
1162 3259 1286 3304 noverea

116 3353 218 3415 urbem
233 3341 363 3412 'intraret
396 3349 587 3423 Quamobrem
603 3348 777 3411 cubiculario
793 3351 933 3425 episcopi,
950 3365 1014 3423 quae
1029 3348 1100 3410 hero
1116 3367 1168 3410 suo
1183 3348 1286 3434 referri

116 3458 257 3532 volebam,
272 3453 416 3529 mandavi,
434 3471 467 3515 ac
481 3453 553 3516 illud
567 3455 678 3514 consilii
692 3457 764 3530 cepi,
780 3460 813 3514 ut
820 3454 992 3530 Pinzingero
1004 3457 1120 3532 praesuli
1136 3474 1154 3516 a
1168 3457 1286 3516 seeretis
1394 3535 1396 3540 Ι

116 3565 202 3626 teleri
209 3563 309 3622 ‘decem
317 3579 371 3637 pro
383 3562 539 3621 honorario
554 3555 693 3620 darentur
707 3577 743 3618 ac
754 3562 781 3618 is
796 3575 849 3619 nos
864 3561 940 3636 apud
956 3563 1119 3636 episcopum
1134 3565 1285 3620 excusatos

116 3665 245 3742 haberet,
263 3672 293 3726 et
307 3654 440 3726 cessarem
454 3667 607 3741 majestati,
624 3667 649 3724 si
663 3666 789 3738 posthaec
805 3667 866 3738 ejus
875 3682 963 3738 opera
970 3666 1138 3738 indigerem,
1153 3663 1285 3722 ¹sedulum

116 3775 334 3836 sollicitatorem
357 3777 470 3848 ageret,
492 3789 581 3846 quam
603 3771 751 3846 pecuniam
771 3770 905 3830 Liberius
927 3783 1009 3827 ame
1026 3769 1151 3840 accepit,
1176 3783 1241 3826 nem
1260 3769 1285 3832 is

117 3881 258 3959 Auguste
273 3879 367 3938 adhue
381 3882 602 3950 pernoctaturus
618 3881 690 3934 erat.

207 3983 320 4046 Deinde
335 3984 466 4042 comitem
481 3999 499 4040 a
514 3972 628 4040 Nasson
643 3985 726 4054 peto,
748 3979 798 4051 qui
813 3990 865 4036 nos
880 3991 985 4036 mensae
1000 3977 1127 4037 assidere
1143 3992 1177 4035 ac
1188 3977 1284 4050 jente-

117 4092 213 4154 culum
228 4087 325 4150 seeu‘m
340 4103 452 4148 sumere
464 4088 560 4162 jussit.
590 4083 844 4160 Aieptaculoipsi
860 4081 1001 4142 discessus
1015 4081 1071 4140 mei
1086 4082 1227 4141 rationem
1241 4079 1284 4140 in·

116 4198 197 4272 dico,
215 4197 323 4271 mades
338 4195 380 4254 illi
396 4209 450 4270 pro
465 4177 689 4251 suis'benefi'oiis
700 4193 730 4248 et
744 4189 854 4248 collecta⁴
862 4203 916 4262 pro
930 4203 976 4246 me
991 4203 1080 4261 opere
1095 4183 1285 4261 egens,·oiie‘·

117 4320 185 4364 rens
199 4317 265 4360 mec
281 4285 375 4360 officie
390 4303 419 4357 et
434 4299 475 4357 sic
490 4299 517 4355 ei
532 4295 702 4356 veledicens.
733 4293 845 4356 Donavi
867 4305 931 4352 eum
950 4293 1063 4352 interim
1084 4307 1166 4365 equo.
1197 4277 1286 4350 Dedit

118 4415 147 4468 et
161 4409 211 4467 ille
225 4407 295 4466 mihi
310 4405 473 4476 cabellum,
489 4418 547 4464 non
561 4399 779 4475 permutationis
794 4415 862 4472 ergo
879 4398 930 4460 sed
949 4397 985 4458 ob
1005 4411 1122 4469 causes,
1147 4409 1218 4470 ques
1239 4393 1286 4452 hic
1402 4463 1405 4472 ι

118 4513 225 4573 chartis
239 4500 375 4570 mandare
391 4522 634 4583 supervacaneum
649 4510 701 4568 est.
718 4503 899 4580 'Pe'rplacuit
912 4501 982 4578 mibi
997 4502 1059 4562 haec
1077 4517 1133 4560 vox
1152 4497 1284 4576 bominis,
