3054 5110
754 435 801 500 20

273 633 312 678 xx
330 615 438 692 Aprilis
453 617 529 676 inter
543 599 680 690 quamam
692 621 721 676 et
736 597 865 689 omnam
880 616 966 676 boras
986 615 1226 677 antemeridIanos
1241 617 1272 678 io
1286 623 1368 678 tam:

184 723 232 797 plo
247 723 408 797 Mincrum,
434 721 511 796 quod
535 721 574 782 ad
597 721 673 780 hone
689 719 764 780 dem
786 721 816 780 in
830 726 975 798 potestate
990 727 1107 785 senatus
1121 723 1284 799 Augustani
1307 729 1361 798 est,

185 828 369 888 ecclesiasten
392 826 533 902 quendam
553 843 611 886 non
629 825 774 886 indoctum
795 843 830 886 ex
852 843 915 902 cap.
938 828 1059 888 Ioannis
1079 829 1128 886 xxi
1151 829 1362 904 de'piseatione

184 933 265 994 Patri
279 939 309 993 et
323 933 444 994 aliorum
467 932 621 998 christiane
641 937 671 991 et
685 931 813 992 breviter
822 963 827 967 ·
836 931 1023 993 disserentem
1037 932 1206 994 audirimus.
1252 934 1364 994 Praei*

184 1038 336 1113 pueverba
342 1037 450 1098 christi
466 1034 1063 1114 diocnbs»Apportatemlhidepisoibus«,
1080 1038 1237 1114 adducens,
1253 1040 1363 1099 seilicet

185 1144 338 1218 quadrari
352 1143 584 1216 concionatores,
608 1157 680 1214 quos
702 1159 755 1217 per
769 1143 888 1204 verbum
902 1141 1110 1218 lucrifecerim,
1127 1143 1241 1204 christe
1256 1125 1362 1204 offerre

186 1247 321 1323 debeant,
338 1263 396 1307 non
410 1247 466 1307 sibi
479 1261 640 1322 reseroare,
656 1247 710 1308 hoc
719 1253 763 1307 est
771 1263 825 1322 pro
841 1263 892 1310 suo
907 1247 1050 1310 arbitratu
1065 1251 1095 1308 in
1110 1249 1246 1325 populum
1254 1230 1362 1310 Christi

186 1355 341 1429 imperium
357 1367 467 1426 gerere.
790 1433 794 1438 ἢ

277 1435 364 1518 Venit
378 1455 523 1516 Adrianus
538 1455 691 1516 aZertzen
704 1453 833 1517 referens
849 1473 880 1517 se
894 1457 1052 1520 marchioni
1068 1459 1185 1520 electori
1198 1460 1299 1520 literas
1313 1471 1366 1520 soi

183 1566 259 1626 roris
273 1569 303 1624 et
311 1543 445 1622 comitum
456 1544 654 1636 aHenneberg
663 1561 808 1636 obtulisse,
824 1563 973 1638 ipsumque
987 1563 1179 1625 marchionem
1195 1564 1310 1639 dixisse,
1326 1565 1361 1624 li·

187 1677 265 1730 teras
282 1669 337 1728 sibi
351 1667 470 1742 praelegi
484 1669 659 1726 curaturum.
697 1667 787 1728 Iubet
805 1667 894 1742 igitur
916 1667 1075 1744 Adrianus,
1099 1675 1132 1730 ut
1152 1671 1184 1729 in
1205 1671 1361 1746 hospitium

186 1773 319 1836 electoris
347 1772 507 1846 mitterem,¹
537 1772 709 1845 questurus
731 1788 750 1832 a
772 1771 887 1842 Statulo
912 1773 949 1835 de
964 1774 1085 1850 Sieben,
1104 1775 1176 1834 'uum
1190 1791 1361 1851 responsum

171 1877 338 1940 habituros
354 1879 416 1954 sim,
432 1893 531 1938 necne.

274 1984 355 2044 idem
369 1980 516 2044 Adrianus
530 1981 699 2044 Maritinum
713 1980 813 2042 ducem
837 1983 989 2045 electorem
1010 1983 1052 2044 ait
1073 1985 1231 2060 pollicitum
1245 2001 1317 2062 esse,
1336 1985 1361 2046 ei

186 2088 339 2164 quidboni
353 2089 383 2147 in
398 2093 498 2148 nostra
512 2104 599 2149 causa
613 2103 700 2162 agere
714 2092 822 2163 posset,
838 2088 932 2162 ipsum
946 2104 1009 2149 esse
1024 2095 1165 2164 paratum.

275 2191 386 2252 Eadem
408 2193 551 2252 Ioannem
572 2191 770 2267 MilchIIngum
793 2197 823 2252 et
845 2193 998 2254 Erasmum
1013 2209 1040 2254 ¹a
1057 2195 1211 2256 Rumrhod·
1229 2195 1268 2256 ad
1281 2209 1358 2254 mar·

188 2297 331 2358 echeleum
346 2298 459 2372 imperii
473 2296 509 2356 de
524 2297 716 2372 Papenheim,
738 2303 771 2358 ut
785 2314 849 2358 cum
863 2299 953 2372 ipsius
968 2300 1052 2358 venia
1066 2300 1096 2358 in
1110 2300 1234 2374 hospitio
1249 2300 1359 2376 absque
1415 2345 1420 2354 .

186 2403 385 2463 molestatione
399 2406 571 2462 metatorum
586 2402 775 2478 hospitiorum
789 2419 959 2479 permanere
973 2420 1129 2480 possemus,
1145 2406 1281 2466 misimus.

270 2492 385 2584 ¹E'adem
414 2507 547 2567 Liberius
577 2513 606 2567 et
629 2507 817 2570 Wendeliaus
844 2511 935 2582 primo
959 2509 1084 2584 Viglium
1110 2510 1281 2586 inviserant,
1310 2510 1359 2584 qni

183 2614 292 2690 passim
306 2613 443 2686 nemque
458 2611 652 2688 disputantes,
677 2614 787 2689 Viglius
807 2615 886 2689 qnod
906 2612 1014 2674 sciebat
1035 2617 1107 2674 seire
1122 2615 1227 2691 noluit,
1251 2616 1360 2676 scilieet

183 2720 247 2794 quis
262 2723 354 2778 status
369 2722 446 2778 essct
460 2718 610 2778 caniacus
626 2717 775 2794 Waldeck,
796 2724 826 2778 et
847 2720 877 2778 in
898 2735 1008 2780 summa
1022 2719 1188 2780 comitatum
1208 2736 1271 2780 esse
1284 2720 1359 2794 jnris

96 2823 104 2828 ’
182 2813 506 2900 imperii-confirmabat.
544 2823 618 2884 Item
637 2823 704 2882 olim
725 2839 812 2883 unum
833 2839 870 2883 ex
889 2824 1038 2884 comitibus
1059 2825 1095 2884 de
1110 2824 1252 2886 Waldeck
1270 2823 1359 2884 fuisse

181 2930 441 2991 locumtenentem
463 2927 585 2988 Castris
606 2943 660 3003 per
681 2915 773 2989 tubum
793 2931 952 3005 imperium.
991 2931 1065 2992 Item
1085 2931 1229 3004 quomodo
1247 2929 1358 2991 Landt·

183 3035 277 3110 gravii
296 3034 341 3112 (ut
355 3035 417 3110 ipse
433 3031 559 3110 dicebat)
579 3050 633 3111 per
652 3035 861 3096 transactiones
880 3036 1044 3095 comitatum
1058 3052 1077 3096 a
1091 3035 1231 3098 Waldeek
1250 3037 1281 3096 in
1295 3034 1358 3096 feu·

184 3139 252 3200 dum
267 3142 440 3214 acceperint,
456 3142 550 3214 ipsum
563 3157 623 3200 non
636 3142 754 3202 latebat.
779 3143 860 3215 Item,
878 3158 909 3202 se
924 3143 1048 3216 insignia
1061 3141 1230 3203 Wormatiae
1243 3147 1360 3203 ostensa

183 3243 298 3318 uidisse,
314 3245 447 3304 vexillum
462 3250 557 3306 autem
572 3246 644 3305 illod
659 3247 849 3322 existimabat,
865 3248 896 3307 in
911 3263 968 3322 quo
980 3245 1129 3318 ¹Cattorum
1144 3248 1275 3322 princeps
1291 3245 1360 3306 Phi·

183 3351 278 3424 lippus
289 3351 352 3410 ‘suis
367 3353 455 3410 armis
469 3353 593 3427 insignia
608 3352 759 3413 minitatus
774 3351 917 3413 Waldeclr
930 3353 1048 3428 appingi
1062 3349 1178 3414 iecerat.
1209 3353 1283 3412 Item
1298 3353 1358 3426 'sic-

184 3456 235 3516 bat
250 3455 379 3516 diversas
395 3472 458 3516 esse
479 3473 580 3517 causes
594 3446 700 3518 Eubuli
723 3462 753 3517 et
766 3453 901 3532 hamum,
926 3473 993 3516 nam
1012 3453 1119 3518 iratres
1137 3473 1200 3518 esse
1219 3457 1360 3532 sanguim

180 3561 338 3634 jnnctieres
359 3561 512 3622 Wilhelmo
533 3561 630 3622 Clinia
652 3567 681 3621 et
700 3559 792 3621 Guliae
812 3561 962 3638 deciate,
988 3563 1038 3637 qui
1057 3545 1163 3636 magna
1182 3563 1214 3622 in
1235 3563 1360 3638 gratiam

185 3663 308 3726 Ooesaris
324 3673 354 3726 et
367 3668 444 3742 regis
453 3664 746 3727 Fordinandifeeerit
756 3671 809 3726 eto.
832 3667 954 3728 Remisit
968 3672 1083 3728 nostros
1096 3683 1210 3742 quoque
1225 3667 1358 3728 adrime-

184 3771 341 3830 batensem.
379 3773 452 3831 Item
467 3772 573 3833 nosad
587 3773 683 3833 omnin
702 3789 766 3848 quse
780 3760 931 3848 imperium
946 3778 1166 3848 concernerent,
1187 3777 1220 3832 ut
1234 3776 1360 3834 coeteros

182 3881 212 3936 et
225 3875 355 3936 membra
368 3878 482 3953 imperii
501 3895 554 3954 per
573 3879 710 3940 mandata
730 3894 843 3954 semper
858 3883 974 3940 vocatos
989 3877 1091 3953 inisse,
1112 3881 1244 3938 astruere
1257 3877 1358 3940 voluit.

181 3981 254 4041 Item
269 3998 300 4040 sa
316 3982 402 4058 scire,
425 3983 502 4056 quod
516 3983 589 4046 alias
604 3984 682 4062 apud
693 3985 833 4060 judicium
845 3999 965 4045 camera
980 3989 1081 4044 eontra
1096 3971 1296 4044 coloniensem
1310 3997 1358 4041 eo·

181 4086 264 4150 mites
278 4081 413 4162 egissent.
458 4087 581 4152 Dixerat
599 4096 628 4150 et
642 4083 718 4152 idem
734 4090 882 4152 Castorum
900 4089 1058 4164 prinoipem
1077 4087 1196 4162 quidem
1210 4085 1249 4148 ad
1269 4101 1358 4146 casa·

181 4205 261 4256 ream
275 4193 468 4268 menesatem,
485 4199 518 4254 ut
533 4211 582 4256 eos
597 4197 762 4270 comitatus,
778 4211 850 4270 quos
866 4182 943 4254 nuno
956 4195 987 4253 in
1000 4192 1087 4255 teudo
1101 4192 1216 4268 habeat,
1232 4191 1273 4254 sie
1287 4190 1358 4252 reti·

182 4279 254 4356 nere
267 4303 378 4374 posset,
390 4299 525 4375 petiisse,
541 4304 572 4358 at
587 4298 730 4360 (issaram
745 4300 906 4360 consentire
922 4297 1056 4360 noluisse.
1112 4339 1118 4347 a

272 4401 498 4480 Supervenerat,
514 4403 582 4465 dum
596 4403 767 4464 nostrieum
781 4404 876 4478 Viglie
892 4405 1132 4480 sermocinantur,
1151 4399 1356 4478 anomdus,

181 4520 246 4567 com
261 4523 318 4585 quo
330 4507 464 4586 Liberius
479 4511 515 4572 de
529 4510 611 4572 nobis
625 4525 685 4570 nou
697 4509 844 4572 Insinuato
857 4509 994 4574 mandato
1014 4509 1206 4572 demotionis
1223 4507 1360 4572 electoris
