3020 5112
750 378 816 445 232

197 566 355 626 scribarum
373 580 454 626 more
473 565 590 638 icquar,
613 575 760 636 recessus,
775 576 836 634 -pcr
856 554 942 620 duces
961 557 1104 620 Ioannem
1117 543 1295 621 Frider‘icnm
1316 561 1382 622 den

198 671 331 730 Mittlem
347 675 377 730 et
390 671 531 736 Ioannem
543 667 727 728 wilhelmum
741 670 772 725 ct
783 666 802 725 J
803 681 925 729 oannem
938 665 1118 724 Fridericum
1129 667 1272 740 juniorem
1284 667 1383 737 Saxo·

199 776 255 835 nice
269 775 414 850 principes
435 772 625 832 confirmatas.
664 772 737 830 Item
755 771 867 829 litteras
887 770 1083 830 conventionis
1102 755 1178 830 inter
1193 759 1382 831 Guuthernm

200 880 330 939 comitem
350 885 380 938 ct
393 893 568 965 socrnmkex·
579 881 663 951 parte
681 876 780 934 uxoris
800 880 908 934 nostra
926 880 956 934 et
974 857 1264 954 legendus‘preehnit.
1302 877 1384 936 Haec
1462 956 1465 960 Ι

200 989 296 1044 autem
315 981 376 1043 iere
397 987 461 1041 erat
481 997 590 1040 summa
610 981 698 1040 totius
719 980 844 1054 negocii,
867 985 901 1038 ut
919 981 949 1036 in
969 978 1044 1037 diem
1058 979 1202 1040 Mercurii
1214 981 1381 1055 proximam

200 1105 295 1151 comes
310 1087 476 1146 Guntherus
491 1087 585 1146 senior
603 1087 680 1145 intre
694 1085 794 1144 urhenr
808 1083 936 1144 Arnstrm
949 1084 988 1144 ad
1001 1101 1102 1143 manus
1110 1090 1231 1144 *nostras
1244 1085 1383 1145 traderet

202 1209 304 1254 nouem
319 1193 398 1251 milia
412 1191 586 1260 florenorum
601 1194 630 1250 et
644 1207 696 1250 nos
710 1190 826 1250 nomine
840 1190 938 1250 moris
953 1193 1060 1249 nostra
1075 1183 1219 1264 omnihus,
1242 1206 1308 1262 qnae
1324 1207 1381 1264 per

200 1302 364 1359 contactus
388 1297 592 1357 Wimarienues
616 1297 699 1355 annis
723 1271 831 1354 domini
854 1295 938 1354 1525
964 1299 993 1353 ct
1016 1293 1057 1353 38
1081 1298 1243 1356 consector
1267 1310 1379 1353 rennn-

102 1411 104 1414 ’
200 1404 352 1476 ,οἰαῐοωηα
388 1457 390 1460 .

290 1505 400 1578 Eadem
415 1475 584 1580 conscripta
605 1509 672 1564 sunt
685 1504 790 1564 littera
804 1503 1029 1567 renunciationis
1044 1508 1086 1577 et,
1110 1502 1152 1562 uti
1166 1507 1286 1576 uocant,
1312 1504 1378 1577 qui-

174 1630 175 1636 *
201 1598 372 1682 tertiarum,
387 1609 643 1690 itemdimissionis
657 1613 794 1696 tutorum.
1113 1607 1115 1614 ’

291 1714 401 1774 Eodem
416 1712 690 1779 dominusAlhertus
702 1713 752 1772 nix
766 1717 878 1787 partem
892 1713 995 1786 psalm.
1008 1715 1068 1772 119
1085 1713 1225 1787 exposuit,
1242 1712 1380 1771 nimirum

203 1821 291 1879 hunc:
318 1815 419 1878 Iustus
439 1835 485 1893 es,
506 1819 633 1893 domine,
657 1824 687 1878 et
704 1823 814 1878 rectum
830 1817 968 1891 judicium
986 1822 1067 1876 tnnm
1082 1823 1135 1878 etc.
1172 1817 1281 1878 Docuit
1300 1817 1381 1891 quod

203 1924 295 1985 solnm
315 1923 362 1983 dei
380 1923 499 1983 uerbum
520 1923 646 1983 exomni
665 1927 749 1996 parte
767 1927 877 1980 rectum
897 1925 948 1996 sit,
970 1929 1000 1982 et
1014 1939 1078 1996 quae
1098 1906 1139 1982 sit
1151 1908 1265 1996 justitia
1279 1939 1381 1982 coram

204 2027 258 2087 dcc
271 2028 381 2113 ueiens.
405 2028 478 2093 Item
493 2043 579 2101 quam
593 2027 669 2088 serio
685 2027 755 2086 deus
765 2041 817 2086 sue
831 2032 943 2108 praejptc
957 2029 1067 2086 seruari
1076 2028 1255 2102 praeceperit,
1269 2029 1382 2089 scilicet

205 2132 259 2191 sub
269 2133 432 2207 perdItione
444 2133 573 2209 corporis
582 2137 611 2192 et
621 2119 732 2192 anima.
748 2132 820 2190 Item
830 2132 936 2191 denelo
950 2114 1078 2206 piorum
1087 2133 1129 2202 Et
1139 2133 1215 2192 hanc
1228 2133 1381 2194 octoadem

203 2246 269 2296 ‘esse
289 2227 534 2310 comparationem
550 2238 632 2312 regni
652 2236 757 2295 Christi
776 2241 806 2294 et
825 2235 933 2296 diaboii
951 2250 1004 2311 per
1023 2238 1178 2296 endthesin
1197 2237 1378 2298 monstravit.

205 2343 278 2401 Item
294 2341 330 2400 de
346 2341 507 2402 differentia
523 2343 601 2401 zelus
621 2346 650 2400 et
669 2342 729 2400 irae.
768 2341 840 2399 Item
860 2323 937 2414 quod
956 2343 1075 2405 verbum
1095 2339 1205 2403 domini·
1222 2342 1379 2402 dilucidum

205 2461 263 2504 non
286 2445 425 2504 socratica
446 2451 497 2506 aut
516 2446 660 2519 platonica
683 2445 829 2520 doctrina,
853 2448 1055 2507 sed-doctrina
1073 2449 1173 2507 caludo
1192 2429 1279 2508 nullis
1299 2449 1379 2508 inro-

207 2549 296 2608 luoris
311 2548 440 2622 insipida
456 2551 588 2610 humanae
609 2550 758 2626 sapientia
777 2551 960 2626 involvenda,
984 2567 1038 2611 nec
1051 2551 1137 2610 eham
1153 2563 1239 2627 quom
1258 2553 1379 2612 eandem

206 2659 236 2713 ct
247 2658 416 2731 perpetuam
429 2655 555 2716 ecciesiae
567 2671 620 2728 per
633 2655 765 2730 spiritum
779 2671 802 2714 s.
817 2655 928 2715 edoctae.
937 2657 1202 2730 interpretationem
1214 2657 1377 2717 admittere

205 2759 277 2816 Item
300 2775 385 2832 quam
406 2760 476 2818 utile
497 2745 698 2834 et'jncnndnm
713 2761 751 2819 sIt
769 2761 824 2821 hoc
843 2763 974 2834 verbum;
999 2757 1136 2821 amundo
1158 2764 1334 2835 contemptui
1349 2767 1379 2820 et

206 2864 356 2938 perexigui
370 2865 456 2938 pretii
470 2865 644 2942 habeantur,
667 2872 780 2942 tamen,-
801 2868 826 2924 si
840 2867 928 2926 verbo
947 2864 1072 2926 fideliter
1092 2867 1268 2942 adhaereant,
1291 2883 1325 2926 eo
1347 2883 1378 2927 sc

207 2959 387 3028 consolantes
402 2985 436 3029 ac
450 2987 501 3044 spe
515 2972 576 3030 lati
590 2973 620 3031 in
635 2973 689 3032 deo
703 2973 816 3048 vivunt,
836 2989 890 3031 nec
903 2972 1149 3046 oh'teutati0num
1158 2972 1302 3046 procellas
1316 2987 1376 3031 ser·

206 3091 321 3134 monum
336 3075 443 3134 domini
462 3077 507 3135 sui
521 3077 740 3151 obliviscantur,
762 3077 818 3135 illis
838 3095 896 3138 non
916 3079 1039 3138 humano
1059 3093 1146 3137 sensu
1166 3075 1334 3136 aestimanda
1349 3082 1378 3136 ct

206 3179 336 3254 corporis
350 3185 380 3238 et
395 3181 497 3240 animae
513 3181 705 3254 emolumenta
718 3181 785 3240 hinc
797 3182 970 3256 contingere.
992 3184 1064 3244 Item
1078 3199 1178 3242 rursus
1193 3181 1377 3240 deveraillu

205 3285 331 3358 justitia,
348 3299 383 3344 ea
397 3285 518 3360 scilicet,
536 3302 594 3358 qna
608 3301 661 3347 nos
677 3287 746 3356 dens
761 3291 845 3360 pater
859 3304 912 3362 per
926 3289 1113 3350 mediatorem
1128 3288 1271 3347 Ohristnm
1283 3287 1376 3360 justos

206 3392 339 3466 reputat,
364 3393 393 3448 et
408 3407 457 3465 ea,
481 3407 537 3464 qua
553 3391 623 3451 deus
634 3392 728 3468 justus
744 3392 850 3468 judex,
873 3395 953 3468 cujus
969 3395 1140 3454 sententIam
1160 3393 1201 3452 nil
1215 3396 1376 3451 creatorum

207 3492 1376 3574 effuget-eporestpersecutoresveritastetatheos-issoshominesmsteetjudicnt

208 3609 237 3662 et
244 3605 335 3678 punit,
344 3603 390 3663 hic
398 3604 540 3663 disseruit.
556 3603 652 3680 Atque
659 3605 706 3663 hic
714 3593 920 3678 digressionem
932 3604 1000 3665 iecit
1011 3605 1049 3664 ad
1060 3612 1160 3668 nostra
1171 3606 1376 3679 haec-tempora
1404 3618 1406 3622 ·

208 3715 237 3768 et
252 3706 375 3769 catms1
395 3709 448 3770 hos
462 3714 613 3784 tyrannos
635 3711 685 3784 qni
698 3711 817 3770 verbum
833 3711 940 3770 domini
954 3709 992 3770 ad
1006 3711 1087 3771 suam
1101 3711 1374 3786 Lesbiamregnlum

207 3813 302 3886 aptari
320 3815 428 3874 uolunt.
466 3816 585 3875 Interim
605 3816 659 3876 sibi
678 3831 741 3875 curn
764 3816 823 3874 suis
843 3817 1021 3876 interimistis
1034 3817 1167 3876 'homines
1187 3816 1255 3875 heili
1275 3803 1305 3874 et
1319 3819 1374 3876 suis

208 3917 342 3994 operibns
358 3922 430 3994 justi
449 3920 550 3982 haberi
570 3923 696 3997 cupiunt.
723 3923 808 3982 -Item
829 3922 907 3995 quod
931 3923 979 3982 lex
998 3921 1105 3981 domini
1126 3922 1233 3980 veritas
1253 3921 1303 3994 sit,
1325 3919 1374 3980 nos

115 4020 117 4024 ⁴
208 4028 304 4083 autem
320 4029 348 4084 et
363 4028 458 4109 omnia
478 4032 577 4087 nostra
596 4005 782 4086 mendacium.
821 4029 893 4087 Item
909 4045 994 4100 quam
1013 4043 1146 4101 magnum
1161 4027 1276 4100 quidem
1296 4027 1374 4092 sitin

165 4201 168 4206 Ι
207 4129 271 4203 ipsa
285 4130 446 4196 emunitate
462 4137 491 4206 et
504 4127 638 4206 periculis
653 4137 794 4206 praesente
808 4138 992 4206 persecutore
1007 4134 1037 4191 in
1051 4129 1195 4193 mandatis
1210 4131 1312 4190 divinis
1327 4131 1372 4190 de·

158 4305 162 4312 ,
207 4235 309 4297 lectari
324 4241 354 4297 et
367 4254 385 4296 a
400 4237 487 4298 verbo
503 4238 565 4310 ejus
581 4237 698 4298 dedere
718 4237 802 4298 nolle.
842 4239 914 4298 Tum
935 4239 1010 4296 euim
1029 4253 1093 4297 eam
1109 4223 1274 4297 mensurum
1288 4253 1372 4310 spem,

289 4335 294 4346 .
785 4375 801 4411 *
887 4379 888 4385 ¹

282 4461 408 4512 lcatcs?
504 4457 507 4462 ’
601 4514 603 4522 ,
