3020 5112
220 617 352 674 nocuum
374 609 414 673 da
435 612 517 673 nohis
536 610 623 673 hodic
647 610 845 685 quoddianum
867 623 988 686 cumque
1007 611 1120 674 Decide
1140 627 1227 676 ‘servo
1238 617 1294 674 tuo
1309 613 1400 690 adju-

119 747 124 758 1
221 725 309 779 rante
323 733 376 779 nos
391 717 494 792 spiritu
508 722 608 777 sanem
623 723 673 778 tuo
688 716 886 790 inclamamus,
910 733 947 778 ne
961 716 1075 779 auferas
1089 719 1209 780 verbum
1228 737 1248 780 a
1261 718 1351 780 corde
1364 727 1401 779 ,et

221 838 273 884 ore
287 839 360 884 meo.
383 822 440 896 En,
455 822 656 896 benignissime
671 827 764 896 puter,
777 822 861 894 jussu
874 820 926 882 lilii
940 825 984 882 tui
998 824 1131 898 petimus,
1148 839 1206 882 non
1220 821 1304 884 dabis
1319 824 1397 898 lapi·

221 927 286 989 dem
300 926 463 1003 patentibus
477 941 590 1001 panem,
606 942 724 1001 penem,
740 931 838 1000 pater,
855 928 966 986 anima.
1005 927 1096 1002 quue
1110 934 1139 989 te
1154 927 1345 1003 deprecamur
1357 929 1401 989 ob

221 1048 302 1107 sum,
323 1033 353 1092 in
373 1048 430 1106 quo
451 1049 504 1093 nos
527 1039 599 1092 autc
619 1032 850 1108 constitutionem
876 1029 973 1090 mnndi
996 1031 1134 1108 dilexisti,
1164 1035 1282 1096 unicum
1302 1032 1399 1094 filium

221 1144 311 1214 mum,
327 1137 472 1216 dominum
487 1136 724 1198 nostrum‘lesum
740 1135 893 1212 Christum,
910 1138 960 1211 qui
974 1142 1068 1198 tecum
1083 1138 1154 1199 vivit
1167 1144 1197 1200 et
1210 1144 1316 1213 regnat
1329 1155 1399 1198 cum

217 1248 320 1304 sancto
336 1243 440 1316 spiritu
454 1242 485 1300 in
500 1243 595 1302 secula
609 1242 779 1302 seculorum.
800 1241 903 1304 Amen.

226 1365 230 1372 ·
308 1347 418 1407 Eadem
432 1346 625 1421 Rethbergins
634 1362 652 1406 a
661 1346 771 1407 Werde
784 1345 865 1406 abiit.
889 1345 1072 1408 Chonludnm
1081 1345 1250 1408 Galacteum
1260 1347 1399 1410 aschon-

220 1452 300 1513 stadt
312 1450 504 1525 Noribergam
515 1451 687 1524 remisimus,
702 1457 736 1511 ut
749 1451 871 1526 rideret,
891 1468 959 1512 uum
974 1451 1196 1526 christophorus
1210 1453 1324 1513 Feurer
1338 1452 1397 1512 ibi-

142 1563 144 1566 ·
220 1555 286 1617 dcm
301 1561 385 1617 esset.
423 1556 499 1615 Nem
519 1555 557 1615 ad
571 1556 724 1616 Matthium
738 1555 832 1616 Maler
856 1561 886 1618 et
899 1556 1022 1616 Paulum
1035 1555 1275 1633 Hnndertpiundt
1292 1557 1394 1633 Augu·

220 1639 295 1722 stam
309 1661 423 1722 minere
437 1661 530 1721 minus
545 1661 705 1722 consultum
719 1659 882 1721 videbatur.

310 1763 459 1827 Profectus
480 1770 574 1826 estet
592 1764 678 1826 hodie
696 1765 765 1830 hinc
788 1766 904 1840 quidam
928 1767 1037 1838 aulicus
1064 1783 1100 1826 ex
1119 1766 1395 1840 Henneubergensis

220 1873 357 1948 principis
379 1871 502 1946 lumin,
531 1872 580 1946 qui
608 1873 776 1947 metrum
801 1871 952 1933 Glaserum
976 1870 1148 1935 reducturus
1172 1877 1244 1932 eret
1282 1871 1396 1932 Eodem

221 1978 366 2039 Adrianus
380 1978 417 2038 ab
432 1978 563 2052 Augusta
585 1978 703 2036 veniens
723 1977 836 2036 litteras
854 1976 965 2036 Liborii
985 1977 1098 2050 annuc,
1120 1975 1240 2036 otidum
1254 1977 1394 2050 hesterno

221 2083 268 2143 die
283 2083 408 2144 nondum
424 2082 600 2158 Augustanis
615 2081 767 2143 conciones
781 2080 949 2141 interdictus
964 2097 1027 2142 esse
1041 2081 1149 2141 retulit.
1188 2081 1310 2142 Fratres
1326 2081 1393 2142 Gol-

220 2175 335 2250 bccheri
349 2189 423 2248 male
443 2203 506 2246 cum
521 2185 636 2247 domina
650 2203 774 2248 noverca
788 2186 970 2246 conveniunt.
1020 2185 1120 2260 Equus
1134 2185 1257 2248 Adriani
1271 2186 1394 2248 tituletis

215 2299 332 2369 'septem
347 2293 483 2353 constitu.
829 2337 831 2342 .
1251 2333 1252 2340 ,

309 2399 444 2474 Acceptis
458 2397 545 2472 igitur
565 2397 603 2456 ab
618 2395 746 2458 Adriunc
769 2396 874 2458 liuns
897 2403 927 2457 et
947 2397 1027 2471 equis
1047 2397 1183 2473 ephippia
1197 2398 1347 2474 imponere
1361 2403 1393 2458 ct

217 2503 392 2579 jentaculum
407 2518 514 2564 mensus
529 2517 674 2578 apponere
692 2503 842 2576 jussimus,
867 2502 1025 2562 Martinam
1040 2502 1199 2578 Gaesarem,
1216 2504 1266 2578 qui
1281 2503 1391 2576 adonai

220 2609 357 2694 mandato
372 2609 556 2685 magistratus
571 2614 666 2668 tamen
681 2625 738 2670 non
761 2609 885 2668 omnium
899 2608 1036 2669 mandato
1050 2625 1069 2668 a
1083 2609 1172 2669 sacris
1192 2609 1324 2684 uacabat,
1340 2624 1389 2670 ac·

221 2722 375 2778 tementes.
398 2715 543 2775 Martinus
558 2719 588 2774 et
602 2729 656 2790 ego
670 2715 868 2786 monuerimus,
889 2718 922 2772 ut
940 2715 965 2772 si
980 2714 1024 2774 sui
1038 2714 1222 2789 magistratus
1236 2715 1268 2772 in
1282 2729 1391 2790 propo·

221 2823 277 2883 sito
293 2826 454 2895 manerent,
476 2837 528 2881 nos
543 2820 693 2894 inviseret,
716 2819 930 2894 exploraturus,
952 2833 1020 2878 num
1039 2818 1069 2877 in
1084 2833 1119 2880 ea
1132 2819 1251 2893 regione
1266 2833 1389 2880 eommo-

221 2928 281 2988 rari
297 2928 412 3002 poterit
451 2926 590 2986 Thaleros
605 2927 728 2998 quatuor
742 2923 772 2981 in
786 2923 921 2983 viaticm
935 2913 1080 2997 dedimus,
1101 2939 1135 2982 ac
1148 2923 1221 2984 bene
1235 2922 1278 2982 illi
1291 2937 1327 2982 ac
1339 2922 1390 2982 ho-

221 3031 288 3106 spiti
301 3035 453 3108 precautes
476 3031 532 3090 iter
546 3027 800 3103 Weissenburgum
816 3029 1001 3102 suscepimus.
1039 3029 1111 3088 Item
1130 3028 1236 3103 hospiti
1259 3044 1325 3102 qua
1339 3029 1390 3088 Li·

220 3138 316 3210 borio,
338 3139 387 3212 qui
402 3153 455 3197 nos
474 3134 679 3194 subsecutmus
698 3139 788 3207 esset,
805 3132 914 3192 diceret
927 3133 1047 3207 injunxi.
1084 3133 1137 3192 llle
1151 3149 1252 3196 rursus
1266 3136 1388 3209 rogarit,

220 3248 254 3304 ut
267 3242 372 3316 hospiti
386 3243 417 3300 in
432 3221 655 3314 weissenburgo
670 3237 794 3297 dicerem
808 3237 992 3298 Leonardum
1006 3237 1206 3299 Vidmarclstcr
1224 3239 1263 3300 ad
1277 3240 1390 3314 insigne

220 3349 312 3409 leonis
327 3348 408 3408 aurei
424 3346 549 3411 crastino
564 3345 610 3404 rel
627 3343 764 3417 perendie
776 3359 847 3404 cum
869 3345 991 3418 pecunia
1008 3360 1062 3420 pro
1084 3344 1151 3404 lana
1173 3345 1390 3419 Weissenburgi

221 3449 395 3522 sensnum,
419 3449 571 3510 Paululum
586 3453 654 3512 aute
668 3452 798 3508 ocmvam
813 3449 929 3511 Wcrdoe
941 3465 1030 3524 equos
1048 3449 1263 3512 conscendimus
1278 3456 1309 3512 et
1323 3456 1389 3512 ante

214 3556 374 3619 secundum
389 3553 597 3627 weissenburg
611 3553 761 3612 intramus.
784 3590 787 3596 ι

226 3686 230 3694 ’
310 3661 426 3724 Werdae
439 3661 606 3722 bosucrsus
621 3658 743 3734 scriptos
757 3659 892 3734 legimus:

362 3805 374 3822 a
426 3777 518 3828 Pictos
537 3775 683 3829 describam
703 3775 845 3828 monachos
864 3775 984 3831 studiose.
996 3781 1118 3843 peropus
1201 3815 1204 3820 ,

466 3865 518 3928 Qui
536 3869 629 3931 prester
646 3869 734 3916 restes
752 3863 791 3916 nil
809 3864 914 3931 pietatis
931 3863 1037 3916 habent.

433 3951 552 4004 Pendula
569 3952 669 4005 nodosa
686 3967 770 4020 cappa
789 3951 881 4004 dolosa
898 3951 1004 4018 ligneus
1023 3957 1049 4004 et
1065 3967 1113 4020 pes

462 4042 531 4094 Haec
549 4041 600 4092 tria
618 4040 762 4107 nudipedes
781 4039 878 4092 ducunt
897 4039 1046 4116 ad'tartaru
1064 4039 1165 4090 hahes.
1243 4091 1245 4096 ,

223 4210 228 4219 ·
309 4176 390 4236 luter
404 4175 609 4251 weissenburg
624 4182 654 4238 et
665 4177 803 4257 Werdam
817 4177 983 4252 oppidulum
998 4182 1043 4236 est
1055 4175 1211 4252 Monbeim,
1226 4176 1294 4236 olim
1311 4176 1388 4238 ducis

218 4280 344 4341 hienrici
355 4279 488 4340 Ottbonis
507 4297 583 4341 nuno
602 4283 717 4344 casaris
728 4283 796 4357 iure
809 4283 885 4344 belli.
923 4282 1001 4342 Ante
1015 4281 1100 4357 hidas
1114 4289 1226 4359 portam
1241 4283 1386 4344 Weissen-

221 4386 343 4461 burgum
358 4384 490 4447 euntibus
504 4385 603 4448 odere
618 4392 683 4448 erat
696 4403 819 4464 corpora
837 4387 895 4448 tria
915 4387 1007 4448 tribus
1022 4389 1095 4448 rotis
1109 4389 1248 4464 disposita
1261 4376 1387 4450 virorum

218 4489 404 4554 etmalorum
424 4496 455 4556 ct
476 4492 525 4570 qui
540 4493 621 4568 iuste
639 4475 823 4579 tibiarumet
835 4491 1015 4558 brumosum
1036 4494 1146 4558 robora
1157 4493 1313 4568 habebunt
1349 4494 1388 4554 lli
