3020 5112
773 389 837 454 184

221 573 327 634 velarit
341 573 394 633 tibi
408 578 462 634 etc.
501 563 584 636 Licet
603 571 679 630 enim
700 571 830 644 quotidie
852 564 1000 638 audiamus
1015 569 1051 630 de
1066 567 1189 645 Christo,
1208 569 1333 646 spiritus
1347 585 1396 628 au·

220 685 279 738 tem
303 684 418 738 sanctus
441 679 519 738 intra
541 675 702 750 penetralia
723 674 818 734 cordis
840 676 931 748 nostri
952 691 1010 743 non
1030 679 1211 748 cooperetur,
1237 691 1333 736 vanus
1355 681 1398 734 est

224 785 316 844 omnis
330 786 429 843 noster
443 781 534 853 labor.
565 778 728 840 Verendum
743 795 866 854 qnoque,
883 779 961 852 quod
974 781 1052 838 inter
1067 795 1120 838 nos
1137 781 1197 842 sint
1213 780 1267 852 qui
1281 779 1336 838 sub
1351 795 1396 837 re·

211 889 355 953 deuntem
370 887 511 962 evangelii
536 885 695 944 doctrinam
715 888 744 942 et
757 889 927 944 coruscante
948 885 1010 958 ejus
1029 885 1093 943 luce
1116 900 1225 942 norum
1240 889 1396 943 testamen·

219 997 281 1052 tum
296 991 427 1065 legerunt
441 997 471 1050 et
485 991 652 1063 audierunt,
675 989 724 1060 qui
739 989 863 1062 psalmos
885 967 1088 1062 decantarunt,
1110 987 1162 1046 sed
1180 987 1320 1048 nondum
1339 990 1398 1047 hac

219 1095 307 1156 corde
321 1098 522 1170 perceperunt,
537 1095 569 1153 hi
582 1096 718 1166 instante,
734 1098 767 1152 ut
780 1110 856 1152 nunc
872 1092 920 1168 fit,
937 1095 1136 1168 perseeutione
1149 1109 1219 1152 mox
1235 1109 1255 1152 a
1274 1092 1333 1151 fide
1347 1092 1395 1152 de·

223 1201 356 1285 sciscunt.
380 1201 455 1259 Nam
468 1201 498 1258 in
513 1216 581 1259 vere
596 1196 799 1258 confitentibus
815 1196 959 1262 Christum
973 1215 1032 1258 non
1047 1205 1097 1258 est*
1106 1199 1226 1270 spiritus
1243 1198 1399 1256 dissensio·r

219 1305 276 1379 nis,
291 1305 344 1382 sed
358 1304 389 1365 hi
403 1305 499 1379 potius
513 1319 610 1364 amore
625 1296 756 1364 veritatis
771 1307 956 1362 contemnunt
966 1281 1126 1376 inemtates,
1141 1289 1276 1376 uxorem,
1292 1303 1395 1360 liberos

222 1416 252 1469 et
267 1411 363 1468 vitam.
402 1409 500 1470 Donet
519 1409 603 1482 nobis
617 1407 698 1468 Deus
713 1409 915 1482 constantiam,
938 1412 971 1466 ut
985 1409 1093 1466 hocin
1105 1405 1321 1468 corde‘mundo
1334 1421 1394 1476 ser-

218 1529 298 1588 vare,
315 1529 371 1587 quo
386 1510 509 1572 numum
523 1512 555 1570 in
570 1512 653 1573 nobis
667 1511 763 1572 lerant
778 1513 972 1585 multiplicem,
988 1513 1016 1570 in
1030 1510 1144 1571 Christo
1159 1513 1233 1571 lesu
1250 1525 1394 1584 queamus.

220 1617 321 1677 Amen.
651 1683 654 1688 ff
680 1595 684 1600 ¹

307 1710 508 1782 Redeuntibos
529 1707 611 1790 nobis
635 1738 651 1780 e
673 1721 778 1795 templo
797 1720 863 1780 lixae
884 1713 967 1780 nobis
983 1721 1099 1780 obviam
1111 1719 1198 1797 fiunt,
1228 1721 1394 1787 civesduos

219 1828 329 1913 catenis
344 1827 512 1888 constrictos
527 1844 623 1886 secum
637 1825 783 1886 ducentes.
814 1825 906 1887 Fama
920 1833 984 1886 erat
997 1842 1061 1886 esse
1076 1832 1214 1902 textores,
1232 1829 1285 1902 qni
1300 1827 1392 1885 nescio

220 1931 290 2005 quid
304 1933 466 1991 sinistrein
481 1932 594 1991 urbalia
608 1929 681 1990 festa
696 1931 825 2004 caesaris,
847 1947 911 2004 quae
932 1933 964 1989 in
983 1932 1196 1994 circumlatione
1212 1931 1392 1992 eucharistie

164 2015 166 2020 ¹
221 2035 371 2096 conviciati
391 2041 483 2095 erant.
523 2015 592 2108 (lum
615 2041 710 2094 autem
729 2035 759 2094 hi
782 2035 839 2096 duo
860 2052 920 2094 non
938 2037 1031 2101 solum¹
1052 2039 1121 2095 mihi
1139 2035 1392 2097 riderenturfesse

220 2157 256 2200 ex
270 2140 461 2215 Augustanis,
482 2141 532 2213 qui
551 2155 614 2199 eam
628 2141 791 2206 idolatriam
806 2140 1053 2214 abominarentur,
1083 2159 1194 2201 mecum
1214 2139 1393 2216 cogitabam:

136 2256 139 2262 ’
221 2245 280 2304 Dat
294 2245 408 2310 veniam
425 2225 535 2320 corvis,
558 2251 644 2304 vexat
658 2261 778 2328 censura
800 2244 960 2320 columbas,
987 2252 1016 2306 et
1039 2263 1238 2320 sepenumero
1265 2245 1392 2306 catellam

219 2349 292 2408 caedi
306 2350 336 2406 in
350 2354 492 2408 terrorem
506 2349 607 2408 leonis.
720 2376 722 2386 ·
946 2403 948 2412 ,
1199 2402 1204 2408 .
1322 2402 1324 2412 ,

310 2451 410 2510 Comes
419 2445 595 2512 Wilhelmus
611 2469 699 2527 equos
714 2455 823 2534 uiginti,
840 2472 976 2532 corpora,
985 2457 1169 2530 septuaginta
1184 2454 1316 2530 quotidie
1331 2451 1387 2523 alit,

219 2555 300 2628 cujus
316 2561 444 2630 sumptus
458 2573 512 2632 per
527 2573 610 2616 omne
624 2562 744 2634 tempus,
766 2561 843 2632 quod
857 2559 996 2633 Augustae
1017 2563 1185 2620 commorari
1205 2566 1324 2620 coactus
1339 2561 1387 2628 est,

220 2676 284 2726 cnm
300 2677 335 2720 ca
349 2661 480 2735 pecunia,
497 2678 561 2735 quae
573 2652 765 2751 δωρωφάγοις
776 2665 839 2723 istis
854 2664 949 2724 danda
963 2667 1055 2742 uenit,
1067 2663 1105 2724 ad
1119 2681 1259 2724 summam
1274 2663 1389 2737 triginta

220 2765 310 2828 millia
324 2782 477 2826 cumeorum
492 2774 683 2842 computatur.
778 2795 797 2845 χ

308 2871 453 2932 Gerardus
472 2873 613 2948 Heddwig
635 2876 747 2948 legatus
768 2875 846 2958 regis
866 2874 1043 2958 Ferdinandi
1065 2875 1152 2938 semel
1176 2873 1388 2956 atquc,4itemm

206 2977 299 3050 ,apud
323 2977 506 3063 Solimanum¹
522 2980 681 3038 Turcarum
703 2981 905 3052 imperatorem
926 2979 995 3053 fuit,
1032 2977 1077 3039 vir
1099 2978 1172 3040 vafri
1194 2979 1319 3053 ingenii,
1343 2972 1387 3047 qui

220 3082 294 3140 mira
308 3088 371 3142 arte
388 3087 417 3142 et
431 3085 512 3146 novis
528 3083 660 3156 strophis
680 3084 862 3156 imperatoris
877 3087 952 3144 turci
973 3083 1120 3144 vafriciem
1135 3091 1165 3144 et
1179 3080 1386 3144 savinam'non

220 3189 307 3248 semel
323 3187 463 3246 delusisse
480 3188 594 3262 dicitnr,
606 3194 643 3262 „ut
658 3193 737 3246 reete
752 3188 965 3262 Aeginitacum
978 3189 1116 3268 Cretense
1131 3191 1297 3254 commissus
1312 3185 1384 3244 dica.-

219 3299 313 3364 catur.
339 3293 435 3364 Quare
451 3298 480 3358 et
495 3309 548 3353 sua
562 3291 645 3367 fraus
658 3309 721 3352 cum
737 3295 899 3368 episcopale
915 3295 1025 3354 culmen
1040 3295 1230 3378 conscendere
1245 3294 1322 3354 fecit.

188 3398 191 3404 ’
307 3397 374 3460 Non
388 3397 537 3470 indignum
551 3403 732 3482 posterorum
754 3400 891 3458 memoria
909 3405 980 3473 puto
1000 3399 1039 3458 ad
1058 3401 1090 3458 id
1103 3401 1233 3459 miserim
1250 3395 1383 3458 ditissima

217 3502 306 3561 totius
316 3501 441 3573 Europae
451 3500 600 3560 Pannonia
614 3518 706 3575 regua
722 3502 880 3579 devenisse,
895 3511 927 3564 ut
941 3486 1005 3576 rex,
1020 3506 1070 3580 qui
1086 3521 1143 3568 non
1160 3507 1252 3564 solum
1267 3504 1311 3562 his
1325 3513 1383 3570 reg·

218 3607 277 3680 nis,
309 3606 360 3670 sed
375 3612 405 3666 et
418 3605 573 3671 fortissimo
588 3608 780 3668 Bohemorum
797 3625 888 3682 regno
904 3614 1026 3684 praeest,
1048 3609 1122 3684 adde
1137 3610 1187 3683 qui
1202 3615 1231 3668 et
1246 3609 1382 3678 Romano

218 3728 283 3770 rum
297 3713 374 3784 regis
390 3713 473 3770 titulo
482 3712 610 3786 gaudet,
635 3714 660 3771 si
674 3731 731 3787 qua
747 3714 848 3780 Turese
864 3716 984 3790 scribat,
1007 3715 1090 3789 ponit
1109 3711 1154 3774 v'el
1169 3719 1201 3772 nt
1216 3715 1308 3790 dicam
1321 3723 1382 3768 eon·

219 3817 379 3875 venientius
394 3833 471 3885 ¹eum
495 3817 549 3874 hoc
575 3819 702 3892 epitheto
729 3819 879 3893 dignatur:
915 3808 1110 3878 illustrissimo
1138 3825 1168 3878 et
1192 3816 1380 3892 potentissimo

217 3921 341 3996 principi
362 3937 396 3978 ae
421 3919 534 3980 domino
557 3921 702 3982 Solimano
718 3923 970 3983 TurearomAsiae
986 3930 1015 3984 et
1031 3925 1197 3984 Graecorum
1210 3917 1379 3998 imperatori.

306 4025 442 4098 Ungarus
457 4027 580 4098 ,quidam
602 4029 700 4102 magni
723 4030 863 4104 nominis,
880 4047 973 4105 ,quem
992 4032 1086 4105 primo
1105 4029 1187 4088 Petri
1209 4029 1314 4101 dicum,
1336 4021 1389 4096 qui.

217 4131 295 4204 quod
309 4129 438 4205 perfidiae
457 4133 488 4190 in
508 4133 696 4192 christianum
710 4137 879 4209 sanguinem
893 4139 1043 4195 accusatus
1065 4135 1103 4218 ad
1114 4132 1237 4194 Tuccam
1253 4131 1379 4193 deiecisse

217 4234 331 4309 dicitur,
348 4235 415 4294 licet
424 4234 505 4296 ‘fama
514 4237 567 4312 sit,
583 4239 676 4311 ipsum
690 4242 902 4321 magnirursus
916 4238 1094 4308 Fordinandi
1108 4239 1231 4315 gratiam
1245 4239 1345 4298 iniisse.

307 4335 434 4399 induciae
450 4341 677 4414 quinquennales
691 4345 768 4404 inter
782 4359 927 4418 oaesarem,
943 4359 1040 4418 regem
1054 4344 1248 4404 Romanorum
1263 4349 1292 4403 et
1310 4339 1378 4410 ¹Tor·

217 4459 315 4504 carum
330 4459 437 4518 regem,
452 4446 521 4504 item
536 4462 634 4530 regem
649 4449 790 4525 Francia,
807 4450 907 4526 ducem
919 4450 1060 4518 Veretum
1076 4465 1189 4536 quoque
1203 4446 1375 4510 concernunt.
