3020 5112
761 427 828 495 248

210 618 337 678 carmine
351 615 521 676 nobilitavit.
552 613 609 674 Uni
619 613 759 688 miroque
774 611 829 673 deo
844 611 882 671 sit
895 605 991 672 fausta
1004 611 1147 686 potestas!
1171 609 1323 674 Oorhaehii
1339 615 1380 674 29

211 723 320 797 Aprilis
335 723 364 780 iu
381 721 492 795 capella
505 708 627 779 Nicoloi.
1087 767 1090 773 .

289 822 485 906 ,Francicus
503 823 593 884 filium
617 830 647 884 et
668 823 877 904 Elizahetulam
902 820 990 882 fiham
1013 826 1142 902 nostram
1163 823 1384 898 benignissimus

211 933 332 993 eleusin
350 931 527 1004 mansiones,
556 931 592 989 de
613 930 714 1003 quibus
735 932 866 988 servator
887 926 1001 1002 noster,
1025 927 1155 988 dominus
1178 934 1282 990 noster·
1295 931 1384 990 Jesus

212 1038 340 1098 Christus
367 1035 557 1095 indubitatam
576 1035 659 1096 hobis
679 1051 759 1108 spem
782 1031 865 1107 fecit,
887 1035 1012 1108 recepit,
1030 1049 1112 1094 soror
1126 1033 1245 1094 fratrem
1260 1052 1319 1094 unc
1335 1037 1384 1096 alie

212 1161 247 1204 ex
261 1143 316 1203 hae
334 1142 525 1215 lacrymarum
544 1141 618 1202 valle
640 1139 803 1200 excedendo
814 1140 983 1216 precessit,
1009 1138 1179 1198 Frmciseus
1202 1139 1339 1200 lMartii
1353 1143 1384 1202 iu

213 1249 326 1309 christo
342 1247 427 1322 obiit,
450 1247 533 1308 ambo
553 1249 584 1306 in
603 1247 723 1330 ecclesia
741 1243 900 1320 parochiali
913 1243 1057 1304 Waldeok
1075 1245 1106 1303 in
1120 1247 1275 1318 praesentia
1289 1246 1384 1306 Annae

212 1357 442 1427 materterarum,
459 1358 594 1428 nepotum
609 1359 639 1412 et
652 1351 801 1424 utriusque
820 1349 949 1422 parentis
964 1353 1051 1408 terrae
1066 1349 1249 1425 mandantur,
1266 1369 1338 1425 quos
1352 1353 1384 1414 in

211 1460 423 1520 resurrectione
444 1457 530 1518 beata
550 1473 651 1519 rursus
665 1455 763 1514 videre
777 1455 859 1514 nobis
874 1455 914 1528 is,
930 1455 961 1512 in
975 1456 1057 1529 eujus
1071 1471 1159 1514 manu
1172 1457 1232 1516 vita
1246 1463 1276 1516 et
1290 1459 1384 1525 exitus

213 1565 313 1632 mortis
328 1567 404 1634 suut,
421 1562 517 1623 donet.
540 1560 625 1620 Anno
641 1559 747 1620 domini
765 1560 859 1618 1551·.
897 1559 1037 1618 Herulum
1051 1576 1142 1633 suum,
1160 1561 1197 1620 de
1212 1563 1293 1637 cujus
1307 1565 1383 1624 nati-

212 1669 303 1727 vitate
318 1671 377 1726 tam
391 1665 548 1740 christiana
562 1655 690 1740 scripsit,
711 1665 875 1726 Joachimus
890 1663 1049 1739 Happelius
1064 1680 1081 1722 e
1095 1664 1272 1742 Bideneapio
1286 1671 1385 1728 oriun-

213 1773 266 1834 dus
281 1777 370 1848 poeta
382 1772 413 1830 in
429 1772 544 1830 domino
559 1769 741 1830 obdormiens
755 1771 857 1830 eodem
872 1786 947 1830 anno
962 1775 1159 1844 praecesserat.

302 1878 415 1938 Pietate
436 1881 465 1936 et
487 1875 617 1936 doctrina
635 1875 888 1949 praestantissimus
906 1875 1047 1949 medicus,
1071 1875 1172 1936 doctor
1196 1877 1385 1952 Burglrardos

213 1983 380 2054 hiithohius,
397 1983 515 2057 alonge
529 1981 708 2056 prospiciens
724 1985 861 2058 quantum
875 1981 1014 2048 malorum
1034 1997 1114 2040 mare
1129 1981 1295 2056 rerpuhlicae
1310 1981 1387 2044 chri·

213 2090 314 2150 stianae
329 2103 397 2148 vere
411 2089 526 2162 piorum
546 2091 576 2146 et
596 2072 744 2146 doctorum
758 2087 886 2170 virorum
900 2101 978 2144 mors
991 2069 1115 2162 invehat,
1141 2064 1191 2161 qui
1204 2105 1223 2148 a
1236 2085 1385 2164 benignis-

217 2195 288 2254 simo
305 2194 360 2254 deo
375 2197 459 2266 patre
480 2195 617 2265 tanquam
636 2188 689 2249 lilii
704 2190 800 2250 dilecti
816 2195 844 2249 et
866 2191 909 2249 illi
923 2191 1081 2251 charissimi
1096 2209 1115 2252 a
1128 2191 1200 2252 facie
1215 2195 1334 2254 malitiae
1350 2213 1387 2256 ex
1424 2230 1429 2243 ι

214 2297 388 2359 hosmundo
409 2297 565 2370 tolluntur,
589 2311 625 2354 ue
643 2287 766 2355 'uideant
776 2297 957 2359 'calamitates
972 2301 1001 2354 et
1014 2298 1159 2372 miserias,
1175 2316 1246 2373 quas
1261 2301 1384 2376 ingrati·

212 2385 282 2466 tudo
298 2407 328 2462 et
343 2402 471 2461 enormia
489 2401 600 2460 scelera
620 2405 719 2460 nostra
737 2401 768 2458 in
790 2415 842 2460 nos
856 2400 1019 2478 aspersam,
1034 2401 1097 2464 haec
1111 2403 1151 2464 ad
1164 2421 1217 2466 nos
1232 2421 1248 2464 e
1263 2405 1387 2467 Cassilia

215 2510 255 2584 xij
270 2507 378 2581 Aprilis
394 2523 470 2565 anno
489 2507 572 2564 1549
587 2505 768 2580 perscripsit:
791 2507 875 2565 Vitus
891 2504 1061 2568 Theodorus
1081 2508 1200 2569 sabbato
1220 2515 1288 2585 post
1302 2511 1387 2572 Oculi

213 2613 290 2673 viam
304 2589 445 2670 uniuersa
460 2612 555 2695 carnis
570 2611 717 2686 ingressus
732 2615 761 2670 et
777 2611 877 2671 doctor
892 2611 1064 2686 Oruoigerus
1081 2613 1299 2690 Wittemhergae
1314 2617 1386 2677 obiit

215 2723 269 2778 etc.
292 2714 393 2791 Parte,
410 2733 471 2792 oro,
487 2733 573 2790 parce
587 2717 694 2792 populo
709 2722 769 2791 tuo,
785 2731 802 2774 o
818 2715 940 2777 domine.
967 2711 990 2764 Γ

302 2822 388 2888 Anno
407 2820 564 2881 salutiferae
585 2822 790 2896 redemptionis
809 2827 916 2882 nostra
929 2823 1022 2881 -1549
1046 2823 1092 2882 die
1112 2838 1181 2884 vero
1208 2825 1246 2882 15
1262 2823 1385 2886 Decem·

217 2927 277 2987 bris
297 2927 400 2987 timore
420 2927 537 2993 tantiam
556 2928 792 2987 christianissima
814 2929 947 3001 princeps
968 2927 1113 2990 Christina
1131 2945 1236 3004 magua
1258 2931 1385 2990 omnium

213 3033 354 3094 bonorum
369 3031 468 3092 dolore
484 3031 613 3092 Cassilice
628 3032 704 3090 diem
719 3032 821 3092 clausit
836 3037 1008 3108 extremum,
1029 3035 1183 3108 quainter
1198 3041 1309 3096 ceteras
1324 3038 1383 3098 vir-

213 3143 290 3199 tutes
304 3139 353 3196 vix
368 3137 519 3215 credibiles
535 3138 695 3212 exemplum
710 3139 857 3213 patientioe
872 3125 1011 3198 exhibuit.
1034 3140 1109 3200 Filia
1122 3139 1177 3202 fuit
1190 3143 1252 3200 haec
1266 3139 1386 3217 Georgii

215 3244 360 3304 Saxonum
374 3220 463 3315 ducis,
480 3242 652 3307 marchionis
660 3241 792 3323 ,Misniea
808 3243 982 3318 landtgravii
996 3245 1173 3332 Thuringiae.⁸
1210 3246 1288 3306 Huic
1301 3265 1384 3308 sanc·

214 3348 330 3408 tissima
345 3349 447 3420 patriae
461 3349 549 3409 matri
563 3347 714 3425 Philippus
731 3345 879 3407 Cattorum
898 3349 1045 3430 princeps,
1068 3366 1162 3411 eomes
1181 3349 1383 3414 Oattamelibo·

89 3503 91 3510 ,
215 3452 275 3526 oiae,
291 3443 339 3510 oui
352 3449 532 3510 numerosam
556 3453 668 3527 prolem
682 3455 831 3526 utriusque
847 3462 934 3542 sexus
946 3456 1078 3530 reliquit,
1103 3457 1223 3516 maritus
1239 3456 1384 3540 Oddenaw

214 3557 298 3618 modo
320 3557 351 3615 in
372 3557 504 3616 custodia
527 3557 659 3618 detentus
687 3575 750 3617 cum
772 3559 902 3618 omuibus
925 3561 980 3634 piis
1006 3561 1119 3622 beatam
1143 3564 1384 3626 resurrectionem

214 3669 304 3740 optat.
328 3663 396 3722 Filii
411 3679 447 3722 ex
459 3663 515 3723 hoc
529 3666 633 3726 marito
648 3665 742 3725 adhuc
757 3667 925 3740 superstites
940 3665 1181 3728 suntGuilielmus
1196 3675 1267 3736 natu
1281 3673 1383 3746 major,

214 3767 387 3843 Ludavicus,
400 3769 550 3844 Philippus
566 3775 596 3828 et
610 3758 761 3845 Georgius,
777 3770 841 3829 duae
855 3769 923 3830 filiae
937 3771 1043 3847 Agnes,
1059 3773 1199 3833 Mauritio
1215 3774 1280 3836 duci
1296 3776 1384 3836 Saxo-

214 3874 270 3932 niae
283 3873 403 3942 'electori
425 3853 462 3951 (si
476 3874 531 3933 diis
546 3863 654 3954 placet)
675 3881 780 3950 nupta,
804 3876 892 3951 digna
907 3878 1027 3964 meliore
1039 3876 1169 3954 fortuna,
1189 3879 1275 3939 Anna
1290 3880 1382 3941 Wolf·

214 3979 301 4053 gangi
325 3979 404 4038 ducis
423 3973 543 4053 palatim
562 3981 591 4038 in
611 3981 782 4054 Zwebruck,
807 3982 918 4041 comitis
938 3984 969 4042 in
987 3983 1127 4044 Veldentz
1150 4001 1237 4061 uxor,
1264 3987 1384 4062 reliquae

214 4089 273 4144 tres
279 4084 316 4143 N.
326 4077 363 4144 uss
371 4085 408 4144 N.
425 4084 518 4144 adhuc
532 4085 585 4144 sub
600 4085 758 4144 nutricibus
775 4086 890 4160 degunt.
914 4089 1060 4149 Memento
1076 4081 1241 4165 ahquaudo,
1258 4091 1382 4168 dominc,

214 4189 416 4250 misericordiae
431 4195 488 4250 tuae
504 4195 533 4250 et
544 4187 706 4257 afflictionis
717 4190 973 4265 domusliattorum
984 4195 1068 4267 juxta
1078 4196 1283 4272 benignitatem
1292 4201 1382 4274 tuam,

214 4300 246 4356 et.
257 4294 312 4354 hoc
325 4301 448 4370 propter
459 4297 478 4356 J
480 4311 559 4355 esum
574 4294 718 4356 Christum
732 4295 822 4356 filium
835 4301 925 4358 tuum.
956 4299 1057 4360 Amen.

426 4437 479 4488 Hie
498 4403 833 4506 christnarjaoetfflenuit
851 4459 927 4508 quam
947 4444 1052 4495 Saxona
1069 4445 1155 4510 tellus,
1213 4426 1215 4432 '
1268 4459 1272 4467 “
1311 4487 1318 4498 ,

460 4527 613 4580 consortem
631 4527 837 4594 thalami,=olare
855 4529 987 4600 Philippo,
1004 4533 1049 4584 tui.
1150 4555 1154 4564 ·
