3020 5112
688 421 751 490 183

127 615 222 682 petua
237 612 314 666 sunt.
352 603 464 666 Deinde
486 604 631 678 digressus
652 605 799 666 Masculus
821 606 859 664 ad
873 605 948 666 hanc
966 609 1137 667 senteutiam
1152 607 1303 667 enuclean-

127 714 212 772 dam:
236 713 313 784 Quia
326 728 385 772 non
399 715 541 770 noverunt
555 725 606 774 me¹
615 725 708 782 neque
723 725 788 768 cum
803 711 853 785 qui
867 712 946 774 misit
958 727 1003 770 mc
1018 717 1073 771 etc.
1102 713 1157 771 Hic
1174 713 1302 786 disputa·

126 818 181 877 hut
196 819 247 890 qui
261 816 358 890 tieret,
370 821 407 875 ut
422 815 552 874 Christos
567 813 688 874 moeret:
711 815 778 875 Non
792 821 988 889 cognoverunt
1008 831 1074 875 enm
1093 817 1142 888 qui
1157 817 1235 876 misit
1248 833 1302 892 me,

127 921 319 992 numandaei
346 937 405 978 non
427 918 635 995 agnovissent?
673 919 734 978 imo
756 925 937 994 agnoverunt
956 917 1058 979 Deum.
1096 921 1172 980 Nam
1186 927 1216 980 et
1229 926 1303 981 teste

127 1026 223 1086 Paulo
239 1027 347 1084 ethnici
362 1025 408 1086 dei
424 1025 554 1084 notitiam
569 1025 742 1084 habueruut.

220 1131 275 1188 His
290 1130 374 1204 adde,
398 1129 474 1204 quod
489 1129 584 1188 ludaei
608 1129 700 1202 legem
715 1127 878 1188 habuerunt
892 1135 921 1188 et
935 1127 1100 1202 prophetas.
1138 1129 1194 1188 llic
1208 1135 1304 1189 autem

128 1235 274 1308 triplicem
289 1251 352 1294 esse
367 1235 560 1308 cognitionem
577 1234 624 1293 dei
647 1233 752 1293 docuit.
780 1233 1088 1306 =Primamagnosce1c
1104 1233 1203 1309 deum,
1227 1235 1305 1308 quod

128 1340 326 1418 creatorcoeli
341 1346 371 1398 et
385 1345 471 1426 tarrae
487 1339 534 1410 sit
552 1339 646 1396 omnia
660 1353 749 1412 agens
765 1343 794 1396 et
808 1337 917 1419 tegens,
940 1343 970 1398 et
989 1339 1055 1398 talis
1070 1341 1195 1413 cognitio
1209 1341 1302 1414 genti·

128 1445 183 1506 hus
199 1419 541 1518 quoquaquodammodo
559 1443 662 1516 inerat,
678 1443 801 1514 maxime
815 1441 1041 1502 antemludoeis.
1065 1443 1150 1516 Quod
1164 1459 1234 1504 vero
1249 1441 1304 1502 deo

128 1550 257 1608 creatori
278 1564 330 1606 suo
351 1547 469 1606 obedire
489 1551 519 1605 et
538 1545 654 1606 credere
674 1548 705 1605 in
725 1546 869 1605 Christum
890 1545 947 1605 iilis
970 1563 989 1606 a
1012 1546 1066 1607 heo
1086 1548 1304 1622 patremissum

129 1653 275 1722 voluerint
289 1668 324 1712 ac
338 1652 394 1710 hoc
408 1651 540 1710 instituto
554 1651 718 1725 longissime
734 1651 863 1725 aberant,
880 1653 954 1710 sicut
969 1653 1078 1712 Paulus
1092 1655 1149 1713 ait:
1167 1653 1224 1712 Orc
1239 1653 1302 1728 qui-

130 1758 197 1820 dem
211 1754 393 1828 confitentur,
410 1755 462 1814 sed
476 1755 560 1814 factis
576 1747 693 1830 negant.
716 1755 850 1828 Exempli
863 1755 967 1829 gratia,
984 1757 1014 1816 si,
1021 1757 1227 1830 paterfamilias
1242 1774 1302 1818 ser·

130 1879 196 1921 rum
212 1861 355 1934 quendam
369 1861 484 1934 haheat,
500 1862 551 1934 qui
563 1861 665 1920 herum
676 1877 758 1920 suum
769 1864 991 1932 praetereuntem
1008 1867 1178 1934 agnosceret
1193 1861 1304 1920 dicens:-

131 1963 191 2025 Iste
207 1971 251 2024 est
266 1966 355 2024 herus
368 1981 457 2024 meus.
496 1963 554 2025 Ubi
575 1964 896 2038 antem-paterfamilias
917 1963 1064 2038 quippiam
1082 1963 1243 2024 iaciendum
1257 1968 1302 2022 in-

126 2072 277 2146 pingeret,
302 2075 332 2131 et
354 2072 379 2140 is
400 2076 567 2142 contempto
586 2070 657 2129 hero
673 2072 755 2144 jussa
769 2070 870 2129 abnuit
888 2075 917 2127 et
931 2074 1106 2142 preceptum
1121 2071 1183 2142 ejns
1197 2062 1304 2141 susque

130 2177 225 2248 deque
240 2174 353 2249 iecerit,
369 2192 465 2234 nonne
480 2175 547 2234 huic
561 2176 647 2234 herus
662 2175 791 2236 ciamus
801 2179 859 2232 est:
877 2174 927 2232 Vis
942 2171 1058 2246 quidem
1072 2175 1164 2232 videri
1180 2172 1303 2235 famulus

129 2297 219 2354 meus,
236 2285 268 2340 at
282 2297 318 2339 ea
332 2297 396 2356 qum
410 2261 498 2352 jubeo
513 2278 731 2351 incererenuis,
754 2267 885 2355 proiecto
900 2293 953 2337 nec
967 2294 1013 2336 me
1028 2277 1127 2345 herum
1143 2283 1229 2336 tuum
1240 2294 1303 2338 esse

132 2387 275 2468 agnoscis.
301 2387 381 2444 Talis
397 2385 512 2458 quidem
526 2402 573 2444 res
587 2367 680 2458 prima
690 2384 738 2442 dei
755 2385 871 2464 ‚agnitio
885 2388 939 2442 est.
963 2382 1064 2442 Altera
1080 2389 1123 2442 est
1139 2384 1214 2456 quod
1231 2365 1303 2444 Ceus

131 2490 249 2564 quidem
264 2491 428 2566 agnoscitur
443 2506 506 2548 esse
521 2490 708 2563 omnipotens,
725 2487 825 2562 honus,
847 2489 1008 2547 misericors
1025 2495 1054 2547 et
1065 2487 1161 2562 justus
1176 2493 1205 2547 et
1221 2489 1303 2547 Chri·

131 2603 209 2655 stum
229 2595 345 2668 quidem
363 2597 480 2654 missum
502 2613 520 2654 a
543 2596 614 2668 deo,
643 2611 742 2652 verum
765 2595 843 2666 quod
865 2586 950 2652 verus
968 2593 1040 2652 dens
1062 2595 1197 2652 ethome
1220 2594 1302 2654 nohis

131 2701 244 2760 uenerit
265 2701 295 2758 in
310 2700 448 2758 mundum
465 2705 494 2757 et
509 2699 684 2785 quodxuohis
699 2699 791 2771 nasci,
816 2699 928 2770 vivere,
948 2699 1023 2772 pati,
1044 2699 1115 2756 mori
1134 2699 1258 2772 denique
1274 2705 1303 2758 et

130 2821 286 2878 resurgere
302 2805 437 2882 voluerit)
452 2820 508 2877 quo
524 2819 644 2876 uesper
657 2806 778 2861 mortem
798 2804 859 2876 ejus
880 2803 967 2862 solius
982 2803 1070 2862 vitum
1085 2809 1221 2862 aeternam
1236 2821 1313 2874 eona

131 2927 301 2983 sequanum,
323 2926 382 2968 non
402 2908 521 2967 credere
541 2912 571 2966 et
592 2908 669 2966 alios
688 2901 876 2982 opitulatores
903 2913 932 2966 et
953 2907 1029 2965 hona
1050 2924 1140 2985 opera
1161 2925 1300 2980 quarere.

131 3016 194 3074 Nec
208 3015 272 3073 haec
286 3030 400 3088 qnoque
414 3019 494 3072 recta
510 3013 556 3072 dei
572 3013 680 3086 agnitio
695 3017 747 3071 est.
790 3011 837 3069 Sic
852 3011 927 3069 enim
942 3009 1046 3085 hidrei,
1062 3013 1257 3096 Mahometani
1272 3022 1303 3072 et

131 3121 312 3192 specietenus
336 3118 491 3188 Christiani
514 3123 675 3190 quaerentes
694 3116 778 3174 deum
801 3121 1053 3190 rat-agnoscentes,
1074 3133 1131 3174 non
1152 3117 1301 3174 credentes

131 3225 163 3282 iu
178 3223 322 3282 Christum
336 3224 468 3295 missum,
492 3229 522 3282 et
542 3222 599 3280 illis
613 3223 706 3295 ipsum
728 3224 758 3280 in
772 3223 943 3281 salvatorem
958 3239 993 3280 ac
1007 3222 1227 3296 propitiatorem
1239 3224 1302 3279 uni-

132 3344 197 3386 cum
212 3327 311 3386 datum
325 3325 435 3386 frustra
451 3328 621 3402 glorientur,
653 3345 685 3386 se
700 3327 785 3386 deum
799 3334 830 3386 et
842 3343 927 3387 nosse
943 3333 973 3387 et
986 3343 1091 3387 amare.
1129 3328 1170 3386 Et
1184 3328 1301 3399 quicun-

131 3448 189 3506 que
204 3431 348 3492 Christum
362 3449 380 3490 a
395 3439 493 3506 patre,
517 3435 591 3492 sicut
605 3433 711 3493 dictum
726 3438 783 3506 est,
799 3434 930 3514 missum,
947 3445 1006 3492 non
1020 3439 1189 3507 agnoscant,
1205 3434 1234 3491 hi
1249 3451 1301 3497 nec

132 3539 218 3596 deum
232 3543 343 3611 patrem
359 3539 445 3598 etiam
460 3539 522 3610 ipso
541 3538 653 3599 Christo
668 3544 741 3597 teste
756 3543 923 3612 agnoscunt.
963 3539 1063 3596 Tertia
1077 3543 1173 3596 autem
1189 3545 1218 3598 et
1232 3543 1301 3597 vera

131 3641 182 3700 dei
194 3643 320 3715 cognitio
335 3643 396 3700 haee
412 3647 464 3714 est,
488 3644 561 3702 scire
584 3643 668 3702 deum
688 3637 799 3716 p'atrem
819 3659 856 3700 ex
871 3643 1009 3705 immensa
1019 3633 1021 3640 ’
1030 3659 1083 3700 sua
1097 3643 1237 3700 charitate
1252 3642 1271 3700 J
1273 3659 1301 3700 e·

131 3763 196 3806 sum
217 3744 362 3806 Christum
386 3745 475 3805 filium
500 3763 583 3806 suum
609 3749 724 3806 unicum
749 3749 780 3804 in
802 3747 878 3804 huno
899 3744 1035 3806 mundum
1055 3747 1188 3832 misissep
1202 3751 1235 3804 ut
1249 3743 1301 3819 per

132 3853 227 3926 ipsum
242 3855 272 3910 et
285 3852 315 3910 iu
330 3868 381 3910 suo
396 3859 578 3928 sacrosancto
594 3853 733 3924 sanguine
747 3851 935 3912 liberemura
949 3854 1055 3923 morte,
1075 3849 1192 3908 diabolo
1212 3855 1242 3908 et
1255 3851 1299 3908 iu·

131 3955 231 4028 ierne,
253 3973 288 4014 ao
302 3963 334 4016 nt
349 3959 456 4030 onmis,
483 3957 532 4028 qui
554 3955 645 4014 credit
663 3957 693 4014 in
715 3958 1004 4027 compauperum,
1028 3955 1080 4014 sed
1094 3955 1199 4031 haheat
1214 3958 1301 4014 vitam

131 4066 279 4120 aternam.
332 4061 375 4120 Ac
395 4060 516 4119 eundem
536 4063 647 4132 patrem
667 4060 773 4118 dixisse
796 4059 1038 4133 praecepisseque,
1063 4065 1097 4118 ut
1118 4060 1193 4118 hunc
1208 4063 1301 4133 ipsum

133 4165 278 4226 Christum
292 4165 463 4236 audiremus.
492 4165 532 4232 Et
546 4166 600 4224 hoo
614 4170 667 4239 est,
683 4165 760 4238 quod
775 4163 905 4223 Christus
919 4164 972 4238 ait:
1001 4165 1075 4236 Quia
1089 4183 1146 4224 non
1161 4183 1301 4240 cognove-

131 4277 201 4330 runt
222 4283 302 4345 eum,
325 4272 375 4342 qui
395 4272 472 4331 misit
491 4287 546 4330 me.
562 4337 566 4344 ,
583 4271 654 4329 Haec
680 4258 776 4329 autem
799 4270 925 4343 cognitio
949 4285 985 4327 ex
1009 4269 1162 4344 largitione
1184 4272 1300 4345 spiritus

132 4378 224 4436 sanati
238 4376 268 4436 et
282 4393 298 4434 e
314 4377 445 4448 supernis
460 4378 549 4435 venit.-
585 4375 664 4435 Sicut
678 4374 808 4460 Christus
829 4373 867 4432 ad
886 4369 998 4449 patratu
1011 4377 1105 4452 ipsum
1120 4373 1300 4436 confitentem

133 4479 223 4542 tilium
238 4481 285 4550 dei
300 4469 354 4564 ait:
378 4480 484 4540 Beatus
508 4499 538 4540 es
555 4481 652 4540 Siruon
666 4481 724 4539 Bar
738 4480 822 4554 lona,
844 4481 911 4553 quia
926 4495 993 4540 caro
1009 4487 1039 4541 et
1052 4483 1169 4555 sanguis
1183 4499 1243 4540 non
1256 4497 1301 4540 rc·
