3054 5110
691 403 743 474 *13

124 587 204 652 dis's'e
215 587 332 652 literes'.
372 587 405 650 si
424 587 514 664 igitur
526 587 598 664 quid
619 587 658 648 ed
671 584 787 650 affinem
801 589 853 650 e'ut
867 601 996 651 sororem
1011 588 1138 652 scribere
1152 591 1259 667 veiim,
1271 595 1302 656 se

126 695 317 758 libentissime
332 695 403 770 ipsis
418 693 518 754 literas
533 693 694 754 allatorum.
720 709 724 714 ·

217 783 371 876 Quoniam,
386 799 590 875 benignissime
605 805 697 876 peter,
714 800 799 863 hodie
814 817 867 877 per
881 817 1043 878 preconem
1057 803 1138 863 verbi
1160 805 1203 864 tui
1218 785 1318 878 juxte

126 909 330 984 presenpmm
345 907 416 980 ejus,
432 921 516 981 quem
531 906 622 964 solum
637 922 688 966 nos
703 907 803 968 audire
816 907 937 980 jussisti,
952 906 1120 968 benefacere
1135 911 1222 968 etiem
1235 926 1301 984 per-

125 1013 315 1090 sequentibus
335 1027 388 1072 nos
410 1010 638 1090 edoodsumus,
664 1016 695 1070 te
720 1013 887 1089 suppliciter
911 1013 1099 1088 deprecamur
1124 1012 1302 1092 (figmentum

126 1121 203 1182 enirn
219 1123 352 1181 noenum
365 1115 465 1200 nosti),
483 1117 521 1177 de
534 1116 619 1177 nobis
630 1097 764 1192 spiritum
779 1123 859 1176 tuum
874 1118 979 1178 bonnm
1001 1125 1030 1180 et
1045 1127 1108 1179 eem
1122 1127 1254 1194 mentem,
1270 1124 1303 1179 nt

126 1229 280 1300 sperantes
295 1225 326 1282 in
340 1229 370 1282 te
384 1221 529 1298 proximos
553 1237 680 1282 ememus
704 1229 737 1284 et.
748 1223 876 1284 odientes
896 1239 948 1282 nos
962 1221 1168 1285 benefaciendo
1184 1239 1301 1301 supere·

125 1347 200 1407 mus,
217 1347 272 1404 per
287 1330 386 1389 Jesum
402 1327 547 1388 christum
557 1326 716 1391 'Dominum
731 1334 870 1390 nostrum.
893 1328 995 1390 Amen.

218 1437 271 1510 viij
286 1433 361 1508 Mali
375 1435 407 1492 in
421 1434 553 1494 coenobio
568 1435 710 1494 minorum
720 1435 845 1508 quidem,
860 1437 943 1510 cnjus
958 1451 1062 1496 nomen
1076 1439 1145 1498 mihi
1159 1439 1300 1512 ignotum

127 1558 166 1604 ex
181 1557 246 1616 cap.
264 1541 285 1599 ii
297 1540 384 1600 Luce
391 1538 586 1613 Evangelistae
601 1539 904 1614 paragraphum‘hunc
917 1542 1003 1616 legit:
1030 1542 1088 1601 «Et
1100 1543 1222 1617 altilis,
1238 1544 1302 1616 quis

125 1653 256 1708 veebum
270 1646 389 1707 hebebit
402 1647 538 1718 amicum,
562 1646 602 1706 ed
621 1661 705 1720 quem
729 1650 777 1704 eat
790 1644 885 1704 medie
900 1651 984 1706 noete
999 1652 1029 1707 et
1043 1647 1120 1714 dicat
1134 1648 1185 1723 illi,
1202 1650 1300 1723 amice,

129 1754 168 1814 da
183 1744 255 1812 mihi
271 1756 371 1812 mutuo
385 1758 445 1810 tres
461 1766 560 1826 panes,
577 1752 712 1824 quonium
733 1752 840 1810 amiens
860 1767 940 1810 meus
955 1753 1034 1812 venit
1048 1753 1085 1812 de
1099 1754 1146 1811 rie
1161 1753 1198 1812 ud
1213 1770 1257 1812 me
1273 1761 1303 1814 et

126 1875 189 1920 non
200 1859 295 1920 habeo
313 1857 391 1932 quod
400 1857 604 1933 apponemini,
622 1862 653 1917 et
667 1857 716 1916 ille
730 1857 808 1916 intus
823 1857 1015 1930 respondeat»
1027 1839 1083 1916 etc.
1098 1863 1128 1918 et
1141 1858 1302 1932 proximum

125 1967 195 2026 hnic
214 1965 377 2034 amanensi
392 1965 450 2043 (em
456 1962 485 2040 l)
500 1963 730 2038 paragraphum:
759 1959 898 2038 «Etdioo
913 1961 1007 2034 vobis,
1030 1963 1120 2036 petite
1142 1968 1172 2023 et
1186 1963 1303 2022 debitur

128 2072 223 2145 vobis,
246 2071 367 2145 quaerite
390 2075 420 2128 et
438 2071 606 2145 invenietis,
630 2069 743 2144 pulsate
764 2071 792 2126 et
812 2067 958 2143 aperietur
973 2067 1062 2128 robis.
1102 2066 1201 2128 Omnis
1216 2069 1301 2142 enim,

128 2181 180 2254 qui
195 2178 280 2254 petit,
295 2175 408 2249 ancipit,
425 2179 455 2234 et
469 2175 518 2248 qui
533 2175 638 2248 quaerit
651 2172 944 2247 inuenitetpulsenti
959 2174 1137 2248 aporiatum
1159 2175 1321 2236 Disseruit

115 2285 217 2360 igitur
232 2283 269 2342 de
291 2279 510 2364 meticulositate
536 2285 648 2340 nature
670 2280 777 2340 veteris
797 2279 889 2340 nostri
902 2279 1007 2340 Adsmi
1025 2281 1056 2340 in
1070 2280 1191 2341 orando.
1228 2265 1301 2342 Item

126 2387 272 2465 quomodo
287 2387 364 2446 idem
378 2371 507 2454 dominns
522 2399 620 2444 nevos
633 2391 784 2460 corruptae
799 2392 906 2448 nostrae
920 2392 1031 2447 natura
1046 2387 1230 2448 considerans
1244 2404 1302 2450 me·

126 2495 192 2556 dius
214 2491 307 2554 enus
326 2492 403 2552 inter
421 2490 515 2552 Deum
534 2495 565 2550 et
576 2473 741 2566 bominem,
770 2491 824 2552 hac
842 2491 1027 2552 similitudine
1046 2493 1215 2553 audaciores
1238 2510 1300 2554 cor·

126 2601 314 2672 detioresqne
332 2597 375 2658 ad
393 2597 535 2658 orandum
555 2577 610 2670 noe
629 2595 751 2656 reddere
774 2597 907 2658 voluerit.
944 2598 1016 2656 Item
1037 2599 1104 2670 quis
1124 2599 1173 2658 ille
1195 2599 1301 2658 amicum

117 2707 288 2778 dormiens,
312 2717 397 2776 quem
419 2699 429 2738 ¹
453 2703 548 2763 media
569 2707 668 2778 nocte,
692 2702 747 2786 hoc
760 2707 813 2762 ,est
834 2705 897 2778 ipso
920 2701 1073 2763 tenebroso
1095 2707 1224 2776 tempore
1248 2719 1300 2764 an·

126 2817 220 2888 gusta
235 2807 398 2870 afflictionis
420 2813 449 2868 et
462 2809 615 2883 ingruente
634 2808 805 2868 necessitate
819 2806 1039 2884 expergefacere
1059 2808 1233 2882 studeamus,
1257 2809 1312 2890 de,

125 2922 225 2980 centes
247 2931 312 2976 eum
334 2915 490 2989 prophete:
526 2909 675 2989 «Exurge,
707 2913 835 2990 domine,
866 2929 955 2988 quare
978 2913 1164 2975 obdormiet«
1204 2916 1299 2987 Quen·

125 3009 189 3089 tum
212 3023 289 3082 eninr
311 3019 394 3081 nobis
422 3025 452 3078 et
478 3015 586 3098 timidae
613 3023 720 3078 nostrae
747 3020 786 3081 ed
812 3020 1028 3094 omnebonum
1054 3026 1180 3094 nature,
1208 3003 1304 3099 Deum

128 3129 275 3202 dormire,
299 3133 401 3204 preces
422 3131 536 3186 nostras
557 3137 617 3186 non
637 3123 774 3187 exaudire
796 3131 825 3186 et
847 3141 904 3202 nos,
920 3127 1066 3202 negligere
1088 3127 1233 3198 videatur,
1255 3132 1299 3186 te·

126 3234 242 3294 mensi
265 3238 346 3292 unta
368 3231 583 3306 importunitate
606 3247 671 3290 eum
697 3231 858 3307 pulsemus,
886 3233 1042 3293 elementer
1068 3249 1122 3292 nos
1150 3231 1299 3292 exauditu·

117 3357 178 3401 rus
202 3342 253 3414 sit,
277 3337 409 3414 prebens
431 3337 513 3397 nobis
535 3353 639 3412 panem
662 3341 692 3396 et
713 3339 883 3400 necessaria.
921 3339 1004 3412 Quod
1030 3339 1160 3414 exemplo
1183 3339 1299 3398 canani-

125 3445 196 3507 tidis
217 3444 345 3504 mulieris
367 3429 482 3519 pateat,
514 3443 675 3517 etreliqua
696 3443 797 3505 ordine
815 3447 840 3504 is
861 3445 1040 3506 ecclesiastes
1062 3446 1299 3520 prosequebatur.

125 3553 203 3626 Quia
224 3555 321 3610 sutem
345 3550 467 3610 munao
487 3549 582 3624 ipsum
605 3565 663 3610 non
685 3549 857 3626 audivimus,
882 3549 997 3612 dificile
1019 3556 1096 3624 eret,
1120 3553 1216 3611 omnia
1238 3553 1300 3626 ejus

125 3658 218 3719 verbe
239 3657 385 3731 assequi.x
412 3633 560 3716 Christum
579 3671 648 3715 vero
671 3658 776 3716 ostium
797 3673 860 3716 esse
883 3659 1010 3732 mcum,
1047 3659 1102 3717 hoc
1125 3660 1187 3718 sine
1210 3659 1299 3718 inter·

126 3765 264 3824 missione
289 3777 352 3822 esse
372 3761 544 3838 pulsandum
559 3761 644 3844 dixit.)
674 3761 815 3836 Manem,
838 3778 895 3836 quo
913 3763 1043 3838 pulsetur
1066 3762 1204 3836 Christus,
1229 3761 1300 3824 fides

116 3873 182 3945 eet,
199 3869 334 3942 sineque
348 3867 533 3942 impossibile,
549 3871 625 3929 teste
640 3867 742 3940 Paulo,
758 3883 839 3946 noea
852 3867 915 3927 Deo
931 3868 1070 3928 emuniri.
1092 3871 1192 3929 Vetuit
1206 3875 1300 3929 eutem
1340 3867 1342 3871 ’

129 3989 166 4035 ne
183 3974 220 4034 de
235 3974 293 4034 alio
308 3963 499 4034 intercessore
513 3967 626 4032 mortuo
638 3973 838 4048 cogitaremus,
854 3987 906 4031 uec
915 3973 977 4032 haee
988 3973 1078 4034 verba
1092 3975 1179 4034 nobis
1190 3976 1300 4050 exigue

128 4079 320 4144 consolationi
335 4094 398 4138 esse
412 4077 533 4152 debere,
555 4076 632 4152 quod
648 4069 777 4138 Christus
799 4076 919 4137 dixerit:
934 4078 1037 4138 .«Dico
1056 4079 1245 4154 vobis-quod
1263 4077 1311 4142 cb'
1333 4116 1338 4123 -
1388 4151 1389 4154 Ἴ

128 4184 376 4264 importunitatem
396 4183 458 4263 ejus
474 4187 595 4258 exurget
610 4189 639 4242 et
654 4182 734 4243 dabit
748 4183 799 4256 illi,
816 4182 951 4257 quicquid
965 4200 1037 4258 opus
1051 4183 1168 4257 hahet»
1199 4185 1300 4246 cohor·¹

128 4295 195 4352 tens
211 4305 276 4363 nos,
292 4294 325 4349 ut
338 4293 451 4370 remote
466 4289 541 4348 omni
561 4275 693 4350 socordia
709 4292 738 4347 et
752 4288 941 4364 negligentia,
966 4290 1011 4348 his
1029 4289 1151 4350 maxime
1165 4291 1299 4366 tempori-

210 4471 213 4478 .
458 4473 460 4478 Ι
699 4419 726 4456 ,ιβ

203 4512 216 4559 1
233 4503 324 4570 hgehr.
342 4503 377 4556 ad
395 4514 480 4573 quem
