3046 5104
732 401 860 505 ss¹

702 640 805 684 uor11x.
842 657 852 666 ·

210 725 211 731 ’
238 737 422 784 -uusuumos
446 733 608 800 croscum,
629 741 758 790 alconus
777 742 904 790 russum
926 747 1092 794 lucustam
1111 737 1246 796 'ossuum
1263 753 1339 796 ral-

155 843 232 890 rsus
255 845 315 901 oua
337 845 415 890 rouo
438 845 555 890 ustrou.
577 847 720 908 suranus,
745 850 827 904 puin
848 851 1005 897 roerussu
1027 855 1201 900 memnonos
1223 851 1338 901 orarum

157 951 218 995 oso
242 951 395 994 sucurram
420 953 450 994 rs
473 951 578 996 rlrms
600 953 802 998 srvuuuuusu
824 953 888 999 uam
914 955 950 1000 os
973 959 1133 1018 musarum,
1158 961 1284 1004 ιιιιιιιιιιιι
1308 961 1337 1004 ιιι

152 1044 318 1100 ἰιιιιιιιιιιιι
334 1057 519 1101 insumimus
535 1057 619 1101 murs
636 1061 683 1104 ιυι
700 1061 757 1104 cun
774 1059 870 1104 orsrr
881 1063 923 1105 ur
939 1062 1029 1108 curru
1050 1063 1235 1109 muurcrrrsus
1251 1065 1336 1110 reum

156 1161 213 1205 sun
229 1159 377 1204 raursum
396 1161 629 1208 ιιιοιιιιιιιιε.
723 1184 725 1188 -

357 1245 361 1251 ’
704 1271 793 1314 mun.

249 1355 372 1428 Quidam
388 1360 483 1414 autem
499 1372 534 1415 ox
553 1356 639 1430 hujus
663 1357 717 1416 vici
733 1359 833 1418 incolis
859 1361 970 1419 amiens
986 1367 1092 1435 praeest
1106 1379 1140 1422 ao
1155 1379 1190 1422 ex
1204 1369 1334 1437 unaqua-

156 1477 215 1534 que
230 1461 316 1520 domo
331 1459 471 1520 florenum
493 1467 604 1521 tantum
618 1447 795 1538 Augustanus
816 1471 939 1524 monetae
959 1467 1076 1542 recipit,
1096 1481 1159 1528 'non
1174 1469 1289 1542 quidem
1304 1471 1334 1530 in

156 1567 359 1641 Fuggerorum
374 1573 548 1641 proventus,
570 1567 621 1627 sod
636 1573 677 1643 ut,
702 1569 726 1627 si
741 1563 815 1629 iort'e
831 1571 958 1646 Fuggeri
973 1589 1031 1632 non
1046 1575 1198 1648 supersint,
1223 1576 1332 1649 domus,

155 1672 181 1730 si
197 1687 256 1744 qua
272 1689 353 1746 opus,
370 1669 450 1730 refici
466 1687 501 1730 ex
516 1671 571 1731 hac
581 1674 706 1745 pecunia
721 1653 838 1748 ducant.

246 1777 359 1836 Eadem
379 1777 498 1836 nuncius
521 1776 684 1851 pontificius
706 1779 858 1838 advenisse
877 1779 1025 1840 dicebatur
1046 1781 1179 1842 adferens
1195 1802 1212 1844 a
1228 1785 1334 1845 Christi

154 1883 266 1940 vicario
281 1880 357 1941 forte
369 1899 389 1940 a
405 1882 520 1942 Christo
536 1883 650 1942 domino
666 1861 811 1957 nunquam
826 1884 872 1941 rel
887 1882 1012 1958 cogitata
1026 1889 1074 1946 rel
1084 1889 1173 1961 jussa.

247 1987 284 2046 D.
300 1987 429 2046 ioannes
445 1985 572 2062 Cocleus,
590 1990 742 2048 canonicus
756 1988 964 2048 Eichstatsnsls
986 1995 1016 2048 et
1030 1991 1165 2064 vindicta,
1182 1991 1333 2055 infeliciori

155 2097 254 2152 minen
270 2109 403 2152 successu
419 2109 505 2168 quam
520 2100 553 2152 ut
566 2095 721 2168 proverbio
737 2095 841 2154 dicitur
865 2095 1030 2172 (scarabeus
1045 2096 1182 2171 aquilam)
1199 2099 1332 2159 incitatus

156 2199 263 2258 librum
278 2189 448 2274 conscripsit
463 2206 563 2261 contra
578 2207 685 2259 nostrae
700 2201 848 2275 religionis
863 2205 914 2260 aut
929 2201 953 2260 si
968 2202 1058 2260 mavis
1071 2201 1248 2277 Augustanos
1262 2215 1330 2266 cort-
1418 2183 1423 2192 ⁶

155 2304 291 2364 fessionis
305 2306 460 2366 auditores
481 2311 509 2364 et
537 2306 724 2366 collocutores
750 2306 780 2364 in
808 2307 950 2381 colloquio
976 2301 1142 2382 Ratishonee
1169 2313 1331 2384 germanice
1358 2309 1361 2316 '

156 2411 245 2470 Denn
267 2407 414 2470 Nachtrah
434 2409 549 2469 titulum
564 2411 675 2492 indidit.
716 2413 762 2472 Sic
777 2412 814 2470 ad
836 2412 967 2471 sordidos
983 2411 1143 2487 pontificios
1159 2417 1287 2476 scarabei
1303 2422 1332 2477 et

155 2509 263 2577 cocleae
279 2533 343 2574 cum
367 2515 484 2575 lubricis
504 2502 653 2574 limacibus
677 2522 843 2592 arreptant,
866 2517 932 2578 dum
947 2518 1075 2578 homines
1096 2520 1204 2593 pietate
1219 2523 1248 2578 et
1263 2521 1330 2580 doo-

154 2624 235 2683 trina
250 2622 365 2696 probati
376 2621 464 2680 celeri
479 2636 563 2678 cursu
579 2622 626 2681 vel
640 2627 724 2696 terga
738 2627 861 2696 vertere,
877 2623 923 2683 vel
937 2623 1062 2682 latebras
1079 2640 1209 2702 quarere
1225 2607 1330 2699 eogun-

155 2733 212 2787 tur.
239 2727 310 2799 Qua
325 2732 421 2785 tamen
436 2727 520 2785 latuit
536 2725 585 2784 diu
601 2731 630 2785 et
643 2727 759 2786 tandem
771 2729 892 2800 emergit
903 2728 1010 2786 veritas
1026 2729 1201 2802 postliminio
1216 2731 1332 2804 auspice

157 2833 275 2892 christo
291 2831 486 2903 triumphabit.
499 2847 504 2850 ·
1053 2840 1056 2844 ·

168 2957 172 2961 ·
245 2937 300 2995 Est
310 2940 339 2994 et
349 2935 487 3009 Augustae
495 2937 579 3009 juxta
589 2937 766 3010 ponticulum
779 2933 920 3008 quendam
935 2937 1074 3009 posticum
1089 2940 1118 2996 in
1135 2939 1330 3008 suburbiaex-

154 3041 294 3101 euntibus·
305 3057 413 3114 murus,
429 3041 459 3098 in
470 3055 531 3114 -quo
544 3041 575 3099 in
584 3057 684 3100 saxum
699 3040 818 3114 aliquod
832 3057 883 3100 sex
897 3042 1035 3114 imagines
1045 3058 1201 3115 puerorum
1208 3031 1332 3118 insculp-

155 3151 203 3206 tas
218 3145 318 3210 videre
334 3142 386 3206 est.
426 3147 489 3207 Hoc
511 3153 729 3207 monumentum
743 3147 847 3220 hospes
868 3152 966 3206 noster
981 3147 1012 3204 in
1026 3148 1192 3206 memoriam
1207 3149 1332 3222 positum

153 3267 219 3310 esse
234 3253 284 3325 ait,
302 3253 378 3324 quod
393 3256 437 3312 tot
452 3247 572 3312 numero
586 3255 669 3326 pueri
682 3253 788 3313 ibidem
808 3253 928 3312 choreas
942 3253 1080 3312 ducentes
1095 3255 1126 3312 in
1148 3254 1235 3328 Lyuo,
1251 3253 1331 3327 cujus

153 3355 449 3417 brachiolumsubter
464 3359 639 3431 ponticulum
653 3344 808 3434 transiluit,
824 3359 965 3418 submersi
980 3365 1054 3416 sunt.
1081 3337 1084 3344 ’

244 3462 301 3521 Vix
315 3462 396 3522 nobis
412 3464 449 3522 ad
464 3465 618 3539 hospitium
635 3466 759 3524 reuersis
775 3465 946 3524 secretarius
961 3464 1076 3537 quidam
1093 3463 1219 3538 episcopi
1226 3463 1329 3522 Mona-

153 3567 313 3641 stomensis,
321 3570 418 3642 patrui
426 3571 525 3644 nostri,
537 3569 791 3644 venit,²seisoitans,
803 3570 870 3628 rium
879 3571 978 3629 literas
988 3571 1113 3642 episcopi
1122 3570 1237 3628 nomino
1250 3585 1329 3628 rece·

153 3675 280 3748 perimus
295 3690 334 3731 an
349 3689 438 3732 secus.
464 3673 518 3732 Cui
528 3675 673 3748 respondi,
689 3674 762 3732 nihil
775 3675 925 3734 literarum
940 3675 976 3732 ab
992 3676 1126 3749 episeopo
1141 3674 1209 3732 mihi
1223 3674 1270 3731 hic
1279 3671 1331 3732 obss

153 3779 275 3838 venisse.
292 3778 430 3837 Exhibuit
441 3779 530 3852 igitur
538 3779 607 3836 mihi
617 3778 754 3853 legendos
766 3779 913 3852 epistolas,
925 3780 954 3836 in
967 3779 1069 3851 quibus
1080 3779 1136 3852 ipsi
1146 3778 1184 3837 ab
1195 3778 1330 3853 episcopo

153 3885 313 3958 injunctum
336 3889 412 3956 erat,
437 3887 469 3942 ut
484 3900 571 3958 super
585 3885 682 3957 aliquo
698 3885 816 3957 negocio
831 3885 862 3942 in
874 3884 1007 3942 absentia
1021 3883 1169 3957 Francisci
1184 3884 1248 3956 Dey
1262 3885 1331 3945 mihi

154 3991 263 4063 scripte
278 3989 405 4062 episcopi
420 3983 550 4061 offerret,
573 3993 604 4046 ut
619 3989 655 4046 de
673 3989 732 4047 -hoc
747 4006 780 4048 ro
796 3989 874 4062 apud
888 3987 1068 4048 consiliarios
1084 3987 1206 4048 Caesaris
1221 4005 1330 4062 proesu-

152 4097 212 4154 lem
219 4109 396 4153 excusarem.
413 4067 711 4172 Exhibenspraeterea
721 4094 828 4168 scripta
844 4091 899 4150 duo
909 4093 1048 4160 Lazarum
1062 4093 1098 4152 de
1108 4093 1330 4153 Schwendieon-

154 4201 312 4260 cernentia.
337 4199 451 4258 Literas
467 4215 536 4258 vero
548 4197 586 4258 ad
598 4213 643 4257 me
662 4198 744 4257 datas
760 4198 933 4256 secretarius
946 4203 1037 4272 etego
1049 4199 1085 4258 ab
1100 4201 1163 4272 ipso
1176 4199 1288 4260 Lazaro
1304 4206 1333 4261 et

152 4307 329 4379 interceptas
344 4311 374 4364 et
388 4305 478 4364 lectas
493 4304 716 4378 suspicabamur,
728 4317 826 4361 rerum
836 4303 866 4363 id
875 4303 1072 4385 aliterpostea
1087 4309 1263 4378 compertum
1278 4312 1330 4366 est.

153 4411 285 4470 Petierat
299 4415 395 4470 autem
417 4409 567 4470 Schwe'ndi
583 4427 600 4468 a
615 4413 718 4482 patruo
738 4413 837 4466 nostro
857 4409 939 4482 iussu
962 4407 1008 4485 (nt
1022 4411 1084 4485 ipse
1099 4411 1227 4471 Lazams
1242 4411 1332 4485 scrip·

152 4513 204 4592 sit)
221 4516 361 4576 Caesareas
378 4516 552 4590 maiestatis,
563 4519 596 4573 ut
609 4515 640 4573 in
654 4514 880 4589 supplementum
897 4516 1038 4575 exereitus
1054 4515 1244 4576 obsidentium
1260 4517 1331 4575 Ver-
