3054 5110
317 625 387 702 mllj
401 621 510 701 Aprllis
524 623 597 684 hora
611 629 693 685 sexta
706 623 737 684 in
751 623 859 700 templo
873 621 1005 686 Mauritii
1019 621 1056 688 D.
1066 622 1194 685 loannes
1207 623 1355 685 llenrlcus
1370 639 1407 685 ex

229 748 293 806 cep.
308 732 348 805 xij
364 730 492 806 epistolas
507 729 547 792 od
560 730 704 790 Romanos
719 727 755 790 de
770 729 815 790 his
829 729 925 789 verbis
941 713 1037 788 Pauli:
1052 729 1178 792 Dilectlo
1193 745 1252 792 non
1267 731 1306 790 sit
1320 731 1406 790 simu·

227 839 296 911 lata,
312 837 375 897 sitis
389 834 456 896 odio
471 839 677 910 prosequentes
690 833 766 909 quod
777 835 883 894 mulum
895 839 949 908 ost,
964 833 1144 896 adherentes
1159 836 1187 894 ei
1202 835 1281 909 quod
1295 836 1403 896 honum

229 948 287 1020 est,
309 957 363 1018 per
383 937 542 1001 fraternam
556 938 705 999 cantutem
720 939 758 998 ad
772 945 871 999 mutuo
886 954 937 998 vos
953 939 1112 1014 diligendos
1126 942 1273 1016 propensi,
1292 941 1404 1002 honore

230 1049 304 1108 nlius
319 1047 406 1107 alium
421 1043 615 1120 precedentes
632 1049 685 1103 etc.
724 1043 829 1120 Aiebat
843 1041 965 1104 Paulum
983 1043 1031 1103 hic
1046 1043 1141 1107 dicore
1156 1045 1191 1106 dc
1206 1046 1299 1106 trihus
1314 1049 1407 1106 maxi·

229 1154 282 1213 mls
297 1152 446 1227 operibus,
464 1165 603 1210 excussus
617 1153 745 1230 nostros,
762 1147 839 1223 quod
852 1149 909 1208 illis
924 1134 1082 1210 adversarii
1097 1151 1269 1226 objicerent,
1286 1167 1318 1210 se
1333 1151 1407 1212 nihil

229 1259 352 1320 clsmnre
366 1261 473 1332 preter
487 1252 568 1330 fides,
583 1251 666 1328 fides,
682 1249 763 1328 lidos,
779 1255 1011 1314 interimnullem
1025 1255 1061 1314 de
1076 1255 1211 1332 operibus
1226 1255 1311 1316 honis
1326 1271 1408 1316 men·

228 1361 337 1424 tionem
350 1378 400 1424 cos
414 1360 519 1422 iacere.
543 1357 720 1433 Impossibile
735 1361 811 1420 cuim
826 1365 882 1434 cst,
899 1361 1001 1434 inquit,
1018 1375 1083 1419 eum
1098 1360 1148 1435 qui
1162 1361 1313 1422 sinceriter
1328 1377 1406 1435 prae·

228 1467 306 1531 dicct
319 1466 520 1542 Evangelium,
536 1481 594 1526 non
609 1465 695 1524 etium
709 1464 786 1524 bona
800 1480 889 1539 opera
904 1464 1020 1538 docere,
1036 1465 1087 1524 sed
1102 1481 1137 1526 ea
1152 1483 1218 1540 quos
1231 1465 1313 1526 Deus
1329 1483 1406 1542 prue-

229 1573 347 1648 oeporit.
371 1573 443 1633 Item
458 1571 580 1645 primum
595 1574 625 1629 ct
639 1581 776 1628 summum
791 1584 863 1644 opus
878 1585 941 1630 esse
954 1568 1049 1645 iidem,
1066 1587 1131 1645 que
1146 1569 1253 1631 Christi
1267 1573 1405 1632 meritum
1524 1634 1525 1658 χ

229 1675 419 1754 apprehendit
432 1691 506 1750 aque
520 1673 583 1735 Deo
598 1680 700 1739 cuncta
714 1675 790 1735 bona
806 1681 951 1751 expectat,
975 1675 1119 1736 adducens
1140 1693 1198 1742 non
1214 1693 1303 1737 unum
1318 1676 1408 1750 hujus
1524 1667 1525 1712 ἶ

229 1785 274 1843 rei
295 1781 462 1857 exemplum.
501 1778 614 1842 Deinde
635 1779 790 1840 secuudum
812 1797 884 1856 opus
906 1797 968 1840 esse
983 1773 1147 1858 caritatem,
1172 1780 1323 1858 proferens
1337 1799 1406 1857 pus-

229 1889 283 1948 sim
304 1903 321 1947 e
342 1887 495 1962 scriptura-
510 1887 588 1948 locos
614 1884 650 1947 de
672 1886 809 1960 cantate,
832 1885 922 1947 multe
941 1886 1085 1948 disserens
1109 1887 1263 1948 commta
1286 1893 1315 1947 et
1337 1885 1407 1948 ficta
1524 1861 1525 1882 ¹

229 1975 410 2054 simulatione
439 1993 575 2052 caritatis.
621 1992 693 2052 Item
715 1991 889 2066 impossibile
912 2007 988 2067 esse,
1017 2009 1082 2053 cnm
1102 1994 1151 2067 qui
1176 1991 1233 2053 fide
1255 1994 1408 2054 caritatem

229 2115 299 2175 erga
311 2097 405 2158 Deum
420 2099 595 2172 conceperit,
619 2113 677 2157 uon
693 2098 807 2156 salvari.
846 2096 999 2158 Adducens
1015 2098 1175 2172 exemplum
1190 2113 1276 2172 quern
1291 2103 1409 2172 gratum

229 2206 268 2265 sit
275 2204 338 2264 Deo
353 2205 414 2278 ejus
429 2202 518 2263 verbo
532 2209 561 2262 et
576 2201 766 2264 obedientiam
782 2207 921 2277 prestere
936 2207 966 2262 et
980 2202 1114 2277 idipsum
1130 2203 1256 2264 credere.
1282 2203 1313 2264 si
1328 2205 1408 2278 quis-

231 2310 317 2384 pium,
332 2308 434 2382 inquit,
449 2322 468 2364 a
482 2322 552 2381 rege
567 2305 621 2366 sibi
636 2304 692 2366 dici
709 2305 860 2381 audiverit,
885 2308 930 2367 Tu
944 2309 1014 2368 mihi
1028 2307 1119 2384 fidite,
1136 2315 1208 2368 m'ce
1223 2325 1300 2368 cure
1314 2313 1345 2368 te
1358 2325 1409 2368 re·

230 2414 369 2488 linquite,
394 2411 464 2472 mihi
488 2413 563 2471 enim
585 2411 799 2472 commendatus
822 2413 895 2488 erle,
920 2416 1086 2489 majoraque
1110 2414 1164 2475 tihi
1188 2414 1309 2476 daturus
1332 2431 1406 2490 sum,

231 2535 317 2595 quam
331 2534 349 2577 a
363 2533 408 2577 me
424 2523 560 2593 expetere
576 2528 662 2578 ausus
676 2515 788 2591 fuisses,
802 2533 908 2578 nonne
924 2519 947 2577 si
963 2520 987 2578 is
1002 2520 1169 2594 imperatori
1188 2519 1273 2579 fidem
1287 2520 1406 2596 habeat,

230 2613 273 2683 illi
287 2624 464 2699 gratissimus
479 2620 554 2682 erit?
584 2621 667 2684 Licet
681 2639 733 2682 rex
748 2622 793 2682 vel
807 2624 965 2698 imperator
979 2639 1043 2698 que
1058 2625 1200 2700 pollicitus
1215 2630 1260 2684 cst
1274 2641 1333 2686 non
1347 2630 1408 2688 stu-

230 2730 283 2789 tim
296 2729 360 2804 ipsa
377 2733 505 2803 prestet.
544 2727 648 2788 Nonne
667 2728 713 2788 hlo
732 2725 808 2788 bono
827 2727 978 2802 spoletus
998 2731 1094 2789 omniu
1115 2745 1180 2804 quse
1195 2729 1304 2790 cesari
1324 2730 1408 2792 cordi

232 2849 295 2895 csse
309 2832 389 2912 (scit)
400 2830 411 2868 ¹
426 2831 518 2894 lacit?
539 2838 570 2893 ut
584 2829 659 2894 lorte
672 2849 809 2894 cessarem
820 2838 911 2893 morte
921 2835 1074 2906 prevemri
1088 2818 1210 2911 eveniat,
1228 2851 1286 2910 quo
1300 2837 1407 2911 minus,

232 2955 295 3015 quse
310 2939 490 3015 promiserat,
506 2941 624 3015 exsequi
638 2945 743 3015 posset.
767 2938 821 2998 Est
835 2939 911 2997 enim
923 2939 1015 2998 omnis
1030 2939 1114 3000 homo
1129 2939 1262 3000 mendax.
1288 2941 1407 3016 Quanto

232 3046 322 3120 magis
337 3044 416 3107 Deus
431 3044 630 3106 redamaturns
646 3050 699 3119 est,
723 3060 741 3103 a
757 3060 812 3118 quo
828 3045 923 3104 omnia
937 3043 1155 3118 exspectemus?
1192 3046 1220 3104 Is
1236 3046 1313 3105 euim
1326 3047 1407 3107 solus

235 3156 280 3210 est
294 3167 392 3225 verax,
408 3156 438 3210 ει
452 3167 629 3225 quecunque
643 3150 732 3212 uoluit
747 3155 776 3208 ct
790 3155 930 3224 prestare
945 3152 975 3210 et
988 3148 1085 3210 lacere
1098 3155 1202 3226 potest.
1239 3151 1314 3211 Item
1328 3154 1408 3227 quod

149 3243 169 3279 ’⁴
232 3258 257 3316 is
273 3257 367 3316 cultus
382 3255 450 3328 Dei,
475 3231 560 3328 quem
579 3255 700 3330 pupistae
715 3255 746 3312 in
760 3254 822 3313 solo
836 3255 950 3329 templo,
962 3256 1015 3316 sub
1036 3253 1140 3315 diviuis
1159 3254 1205 3333 (ut
1218 3256 1275 3331 ipsi
1288 3256 1407 3335 vocant)

232 3361 405 3436 probitatem
428 3359 572 3433 quandum
594 3375 654 3433 proc
677 3375 708 3418 sc
729 3357 847 3418 ferendo
869 3365 1021 3434 prestant,
1049 3359 1112 3420 Deo
1136 3359 1334 3424 abominabilis
1358 3363 1405 3423 sit.

232 3467 339 3552 Verum
363 3462 556 3524 Christianum
578 3462 706 3523 inomni
728 3462 790 3520 loco
813 3460 1011 3525 dominationis
1034 3463 1140 3525 domini
1160 3463 1265 3525 debere
1287 3483 1319 3526 se
1339 3467 1407 3529 Deo
1494 3459 1499 3468 '

232 3567 424 3643 obedientem,
448 3567 504 3630 fide
520 3583 594 3644 pura
608 3572 638 3628 et
652 3568 712 3628 vita
726 3567 799 3628 bene
815 3569 947 3629 instItutu
966 3569 1101 3630 exhihere
1116 3575 1168 3630 etc.
1208 3570 1252 3631 Ob
1265 3575 1406 3649 temporis

232 3681 328 3737 autem
342 3674 494 3750 penuriam
514 3673 551 3733 de
570 3675 657 3733 tertio
672 3689 759 3748 opere
777 3675 927 3736 absolvere
946 3691 1005 3735 non
1023 3676 1132 3750 potuit,
1156 3677 1313 3752 suscipiens
1327 3678 1358 3739 id
1373 3695 1406 3739 se

232 3781 363 3858 proxima
378 3779 512 3840 concione
526 3778 676 3838 lemurum.
714 3780 749 3838 Iu
765 3779 1008 3840 obsecrationibus
1026 3795 1080 3854 pro
1095 3781 1215 3856 captivis
1230 3781 1361 3843 omnihus
1376 3789 1406 3844 ct

232 3886 344 3962 prolis,
362 3885 411 3959 qui
425 3881 485 3945 sive
500 3883 578 3958 apud
593 3884 715 3958 Turoas,
729 3886 790 3944 sivo
804 3885 872 3944 alibi
892 3885 1018 3946 locorum
1034 3885 1071 3949 ob
1086 3885 1215 3946 veritatis
1229 3885 1405 3961 aguidonem

232 3996 484 4068 persequerentur,
500 4003 585 4050 orare
594 3989 690 4064 iussit.
715 3991 769 4064 Qui
783 3995 879 4065 potest
893 4007 1012 4066 capere,
1029 3992 1133 4065 cupiat.

320 4095 497 4164 heouoione
511 4093 594 4154 nobis
608 4093 684 4155 fonte
698 4095 816 4156 iortuua
835 4095 948 4154 obviem
968 4093 1002 4156 fit
1016 4095 1147 4156 Matthia
1162 4095 1200 4156 ah
1214 4095 1406 4158 Aldenbokon

232 4200 323 4277 filius,
343 4201 455 4262 balium
476 4200 659 4262 Steinlordiae
680 4207 710 4262 et
724 4200 826 4276 Lade,
849 4200 957 4260 ordinis
977 4199 1015 4258 D.
1035 4199 1156 4258 Joannis
1176 4198 1330 4276 Baptista,
1354 4204 1404 4277 qui

232 4306 295 4377 heri
309 4307 431 4382 primum
446 4323 464 4365 a
478 4305 656 4384 profectione
671 4323 707 4382 er
721 4308 814 4369 insula
829 4305 921 4366 Multa
935 4319 966 4364 se
981 4319 1129 4362 reuersum
1141 4309 1170 4364 et
1179 4303 1340 4380 Augustam
1353 4324 1402 4370 re·

810 4442 825 4476 *
909 4497 913 4502 ¹
1257 4399 1260 4405 ⁴

308 4534 319 4580 I
340 4527 434 4581 Diescs
453 4534 517 4582 wort
534 4527 600 4582 lehlt
618 4529 654 4580 im
672 4542 749 4579 mser.
835 4503 837 4506 Ι
