3020 5112
775 409 847 477 nto

224 608 330 654 norum
344 596 546 652 testamentum
565 591 721 653 edoctore
735 591 864 652 Luthero
880 593 1041 667 germanice
1055 579 1171 652 versum
1188 592 1348 668 incidimus,
1365 595 1398 654 in

225 701 304 774 cujus
319 697 408 772 soliis,
431 713 494 772 quea
514 697 588 758 libro
608 695 728 772 praefixa
743 701 838 769 erant,
863 713 951 756 manu
966 713 1064 756 socrus
1078 699 1196 772 proprie
1209 699 1271 758 hac
1286 701 1398 776 scripta

225 803 346 864 vidimus
362 819 396 862 ac
409 803 499 862 latine
514 808 658 877 utcunque
673 801 862 862 reddidimus:
888 802 993 861 »Anno
1008 802 1117 861 domiui
1140 805 1223 864 1526
1239 807 1315 864 inter
1331 821 1397 878 sep-

224 910 323 966 timam
337 914 367 968 et
382 913 510 968 octavam
519 910 612 968 ‘horas
626 909 764 982 invigilia
778 909 922 983 paschatis
939 909 969 966 in
985 908 1198 968 arccArnstadt
1211 909 1265 968 snb
1279 915 1396 969 noctem

224 1019 293 1073 nata
308 1019 351 1072 cst
365 1014 526 1074 Anastasia.
565 1005 651 1072 Anno
671 1013 780 1072 domini
804 1014 885 1072 1527
904 1013 951 1072 die
964 1013 1044 1073 vais
1059 1018 1127 1073 ante
1140 1012 1245 1072 festum
1259 1011 1395 1087 purifica·

222 1120 309 1178 tionis
323 1120 427 1190 Mariae
450 1125 534 1180 natus
554 1117 609 1178 init
622 1119 763 1178 Henricus
783 1119 812 1176 in
827 1117 977 1178 Arnstadt.
1016 1117 1100 1177 Anno
1121 1119 1395 1179 domiui1529die

223 1223 328 1283 Martis
360 1229 427 1298 post
455 1225 570 1283 Laetare
600 1223 677 1284 infra
700 1239 804 1282 nonam
827 1227 857 1282 et
884 1223 1020 1288 decimam
1046 1227 1131 1282 natus
1154 1229 1198 1283 est
1221 1223 1393 1285 Wilhelmus

223 1329 366 1388 Henricns
380 1330 411 1388 in
426 1329 606 1389 Rudelstadt.
638 1328 723 1388 Anno
742 1329 826 1388 1530
849 1329 895 1387 die
910 1327 1001 1394 Lunae
1020 1334 1086 1401 post
1100 1329 1272 1389 visitationis
1287 1330 1393 1389 Maria

221 1435 396 1494 transeuntis
411 1439 546 1492 montana
560 1431 637 1492 infra
651 1438 783 1506 quamam
798 1438 828 1492 et
843 1433 972 1506 quintam
985 1433 1073 1492 horas
1093 1437 1161 1492 ante
1176 1433 1324 1492 meridiem
1338 1449 1391 1493 na·

221 1544 268 1596 tus
283 1543 327 1596 est
343 1536 508 1596 Guntherus
523 1537 683 1597 Wilhcmus
697 1537 728 1596 in
742 1536 922 1598 Rudelstadt.
945 1539 1031 1598 Anno
1046 1537 1153 1598 domini
1172 1539 1255 1598 1538
1271 1539 1302 1596 in
1316 1540 1390 1613 vigi·

220 1643 261 1702 iia
275 1643 466 1716 conceptionis
481 1643 584 1702 Marica
604 1647 673 1702 nata
695 1647 739 1701 est
752 1641 837 1702 Anna
851 1643 947 1702 Maria
967 1641 1042 1702 inira
1062 1649 1172 1704 ιιιιιιιιιι
1195 1649 1225 1703 ιι
1238 1645 1391 1718 septimam

222 1754 333 1808 noctem
347 1763 446 1806 versus
461 1750 491 1807 in
506 1748 677 1808 Rud'elstadt
698 1753 727 1808 ct
741 1749 802 1807 haee
816 1749 967 1823 posthuma
985 1745 1038 1808 ιιι.
1077 1748 1161 1808 Anno
1177 1749 1285 1833 domini
1305 1749 1390 1808 1528

220 1856 267 1915 die
282 1856 372 1916 Lunae
387 1863 453 1931 post
467 1857 584 1917 Laetare
599 1859 667 1915 ante
685 1854 885 1934 duodecimum
897 1855 988 1914 noctis
1002 1859 1072 1914 nata
1087 1860 1132 1914 cst
1145 1839 1268 1914 Aemilia
1282 1857 1314 1914 in
1328 1856 1389 1917 Ru-

122 1976 126 1978 ·
221 1953 354 2022 del'stedt.
393 1964 439 2021 Ex
458 1963 503 2020 his
525 1965 731 2036 supersunt'et
745 1977 816 2020 aura
837 1959 1078 2020 cdhncfruuntnr
1092 1961 1218 2032 aetherea
1232 1960 1391 2022 Anastasia

221 2082 297 2125 nunc
311 2069 454 2128 comitissa
469 2069 499 2126 in
514 2067 661 2142 waldach,
676 2065 786 2127 habens
800 2065 941 2140 filiam'ex
954 2065 1068 2126 Eubulo
1083 2067 1186 2126 marito
1202 2065 1390 2128 catharinam

219 2174 346 2246 nomine;
362 2172 494 2247 Aemilia,
511 2189 574 2246 quae
590 2177 656 2232 ants
672 2189 762 2257 annos
778 2172 880 2231 abhinc
890 2177 954 2232 octo
970 2173 1022 2232 snb
1037 2161 1247 2232 conditionibus
1262 2171 1388 2247 despon-

219 2283 283 2337 sata
298 2284 342 2338 est
357 2277 505 2338 Gunthero
521 2277 663 2337 Gdntheri
677 2278 788 2337 comitis
803 2293 821 2336 a
836 2277 1072 2351 Schwartzburgk
1090 2275 1164 2351 filio,
1190 2278 1242 2338 sed
1261 2277 1389 2338 nondum

219 2383 326 2455 nuptiae
341 2389 465 2455 peractas
484 2387 559 2457 sunt,
574 2383 659 2442 Anna
672 2383 768 2442 Maria
783 2382 838 2442 hoc
853 2389 929 2443 anno
944 2383 1077 2442 decennis
1092 2382 1251 2457 posthume.
1267 2383 1390 2444 Fratres

219 2502 287 2546 vero
306 2485 429 2547 infantes
449 2503 545 2548 omnes
574 2488 664 2549 evita
678 2474 853 2562 migrarant
883 2489 1006 2550 Domine
1021 2489 1101 2563 deus,
1115 2489 1191 2548 inter
1207 2489 1287 2563 cujus
1301 2467 1388 2550 innn-

218 2609 313 2652 meras
334 2593 436 2654 laudes
456 2601 485 2654 et
503 2595 565 2654 haec
579 2596 631 2684 tibi
646 2595 779 2656 decantat
767 2600 823 2669 t,ur
861 2601 893 2654 tu
909 2595 1016 2669 puprlio
1031 2601 1060 2656 ι
1047 2594 1173 2656 tvidnae
1188 2597 1245 2656 eris
1259 2596 1387 2672 adjutor,

219 2699 390 2772 pupillorum
406 2706 435 2760 et
449 2705 508 2760 mat
509 2703 548 2759 ris
564 2717 676 2776 quoque
691 2703 833 2761 rationem
847 2701 953 2761 habere
968 2701 1124 2776 digneris«

307 2805 441 2864 Eadem
432 2823 462 2864 m
477 2809 580 2866 sacello
595 2808 669 2867 arcis
689 2805 811 2866 vidimus
833 2820 922 2881 supra
942 2807 1034 2882 citare
1055 2804 1265 2866 introeuntibus
1285 2765 1324 2866 ed
1338 2805 1387 2865 lae·

217 2926 282 2968 vam
297 2910 420 2984 insignia
422 2911 572 2971 Marohiae
589 2917 618 2971 et
605 2911 730 2972 tOliriae
746 2917 775 2970 et
762 2909 933 2970 tChristnm
956 2909 1121 2970 crucifixum
1135 2916 1278 2970 mortuum
1294 2917 1325 2970 et
1338 2927 1385 2970 re-

217 3013 383 3097 suscitatum
400 3008 636 3077 'artificiosissime
659 3016 782 3092 depicta.
830 3015 942 3076 Dicitur
964 3022 1059 3076 antem
1082 3031 1153 3089 opus
1176 3013 1263 3080 fuisse
1287 3017 1325 3076 N.
1349 3033 1386 3076 ex

215 3119 335 3185 ducibus
350 3119 447 3183 Oliviae
463 3127 493 3182 ιι
507 3123 655 3184 comitibus
669 3121 808 3182 Marchiae
831 3129 989 3196 procreate
1008 3122 1160 3185 comitissae
1180 3122 1211 3180 in
1226 3121 1385 3182 Schwartz-

216 3223 299 3300 burg.

280 3331 415 3392 Eadem
436 3334 556 3404 legimus
574 3333 711 3392 licett
661 3351 698 3400 an
698 3339 746 3394 tea
768 3333 922 3432 viderimus
938 3350 956 3394 ιι
972 3333 1023 3394 Sat
1023 3332 1121 3394 hana
1113 3351 1176 3410 ipso
1192 3336 1340 3409 inventurn
1355 3339 1386 3392 et

214 3437 306 3497 asuis
328 3437 458 3512 conjurat
459 3439 483 3496 is
507 3441 697 3512 conscriptum
716 3418 924 3514 juramentum,
949 3438 1027 3514 quod
1048 3438 1212 3499 sacerdotes
1234 3454 1337 3500 rursus
1351 3458 1384 3500 se
1499 3477 1500 3484 ι

214 3544 326 3603 romani
345 3543 455 3616 imperii
477 3543 657 3620 pontificibus
672 3544 827 3606 subdentes
846 3550 984 3618 proestare
1000 3545 1114 3605 debent.
1154 3544 1212 3604 Sed
1227 3546 1297 3630 qnid
1310 3563 1382 3621 age·

213 3646 298 3706 mus?
313 3648 378 3708 Nisi
392 3649 430 3708 ad
445 3649 590 3710 dominum
605 3649 812 3710 ardentissimis
827 3650 901 3710 votis
915 3650 1022 3712 intimis
1043 3666 1079 3709 cx
1089 3651 1260 3724 *praecordiis
1276 3651 1382 3711 clame·

212 3769 284 3827 mus,
300 3771 336 3813 ne
351 3755 468 3814 tandem
488 3744 525 3814 ob
547 3761 647 3816 nostra
669 3762 787 3832 peccata
806 3755 998 3830 blasphemari
1023 3771 1127 3816 nomen
1149 3749 1278 3814 sanctum
1298 3771 1383 3814 sunm

211 3859 296 3932 sinat,
313 3857 495 3933 dicamusque
510 3877 573 3920 cum
588 3861 761 3936 archangelo
776 3859 941 3922 Michaele:·
970 3858 1114 3934 Corripiat
1128 3865 1158 3920 ιι
1173 3860 1244 3920 deus
1260 3859 1381 3935 dathan,

209 3963 320 4022 ludicra
337 3966 412 4024 enim
427 3982 488 4040 prae
503 3967 548 4024 his
563 3967 745 4040 blasphemiis
767 3967 900 4028 videntur
920 3981 1097 4040 quaecunque
1113 3965 1304 4038 Sannaherib,
1320 3967 1380 4026 He·

210 4067 347 4143 liodorus,
363 4071 518 4145 Rapsaces,
536 4071 640 4132 scribae·
652 4077 682 4130 et
693 4071 833 4130 Pharisaei
848 4077 878 4130 ιι
893 4071 1028 4145 quicquid
1042 4069 1127 4144 hujus
1142 4071 1316 4144 turpissimae
1332 4089 1380 4132 cc·

209 4189 296 4234 meree
311 4175 457 4236 hominum
472 4177 619 4251 opprobrii
627 4175 740 4236 Christo
756 4175 869 4238 domino
886 4183 915 4238 et
929 4153 1005 4252 patri
1021 4179 1082 4252 eJ'us
1097 4177 1208 4249 coelesti
1222 4181 1381 4253 summoque

167 4277 170 4282 ’
210 4281 325 4356 spiritui
346 4299 472 4356 unquam
492 4283 657 4356 objecerunt
679 4288 707 4342 et
722 4283 776 4342 nisi
796 4284 859 4342 haec
877 4283 1043 4357 blasphema
1062 4299 1114 4367 ora
1134 4285 1198 4358 ipsa
1219 4281 1273 4342 sibi
1289 4283 1380 4358 digito

209 4387 344 4446 labellum
359 4392 549 4461 compescunt,
569 4372 725 4447 timendum
740 4393 797 4463 est,
818 4406 855 4449 ne
870 4391 900 4448 in
916 4405 964 4448 eos
981 4389 1066 4464 digne
1081 4405 1137 4452 vox
1152 4373 1260 4447 Christi
1274 4403 1379 4450 conre-

209 4493 283 4553 niat:
307 4493 473 4554 Moriemini
492 4493 665 4568 inpeccatis
689 4495 806 4570 vestris,
833 4493 902 4556 licet
922 4495 990 4555 caeci
1009 4500 1039 4559 ιι
1053 4493 1139 4556 duces
1160 4503 1303 4557 caecc'rum
1317 4509 1380 4570 ιιι
