3020 5112
120 612 306 688 euangelium
320 613 473 700 recipiunt,
490 614 531 674 ita
546 613 704 688 recipiunt,
727 619 760 673 ut
774 619 869 674 tamen
888 615 1003 675 interim
1022 615 1127 678 nullm
1141 616 1297 679 commodi·

118 719 190 776 tatis
205 733 310 778 cerere
325 718 428 792 velint,
450 718 528 792 quod
543 723 573 778 et
587 734 662 778 nuuc
676 721 1041 794 perseeutioneinqrueuts
1061 721 1199 782 videmus
1223 723 1294 782 Nul-

118 821 164 880 lus
180 825 261 882 enim
281 825 443 898 principum
463 831 514 884 aut
533 839 706 900 magnorum
726 841 875 898 procerum
898 831 957 900 est,
982 827 1032 898 qui
1051 825 1203 899 ingratiam
1217 827 1297 888 verbi

118 928 166 984 sel
191 929 343 988 minimum
367 929 436 1001 qnid
457 946 542 1002 opum
562 947 678 990 suarum
698 927 767 991 uelit
786 930 933 1004 negligere
949 931 995 990 vel
1010 929 1181 1004 relinquere.
1217 931 1298 990 Etsi

117 1031 197 1092 torte
220 1033 389 1108 regiuncula
410 1033 507 1107 aliqua
529 1031 718 1108 relinquendo
737 1041 767 1096 et
781 1035 1007 1109 'voluptatesob
1030 1035 1209 1110 euangelium
1227 1051 1295 1098 con·

118 1136 295 1210 temnendae,
311 1153 369 1197 nou
385 1135 476 1198 solum
491 1137 579 1200 verbo
594 1139 748 1216 euangelii,
765 1139 877 1202 sedvel
892 1139 1006 1204 (ihristo
1021 1143 1085 1216 ipso
1099 1141 1129 1200 in
1143 1147 1234 1202 totum
1249 1159 1295 1202 re·

116 1243 289 1302 nunciaturi
303 1242 369 1302 sint.
830 1261 834 1266 ·

210 1347 336 1406 Domine
350 1348 422 1407 Jesu
438 1347 566 1420 Christe,
589 1349 638 1422 qni
658 1349 715 1408 tuis
735 1349 835 1409 mundi
858 1350 955 1410 odium
974 1357 1004 1410 et
1024 1351 1251 1426 persecutionem
1264 1351 1297 1410 in
1380 1377 1383 1382 ·

118 1451 198 1524 ipsos
215 1450 375 1526 predicere
396 1452 512 1524 voluisti
536 1453 684 1528 simultis
706 1454 798 1514 modis
820 1456 929 1516 enimes
944 1471 1043 1516 eorum
1058 1453 1236 1531 confortasti,
1260 1471 1296 1515 en

118 1555 252 1632 domine,
274 1557 423 1616 inveniunt
446 1573 521 1616 nunc
539 1573 592 1618 nos
611 1558 672 1616 hmo
686 1561 761 1618 mela
777 1561 873 1620 omnia
888 1566 918 1620 et
939 1561 1010 1620 nihil
1025 1575 1176 1636 superesse
1191 1559 1296 1634 reliqui

119 1662 246 1737 videtur,
266 1662 321 1722 nisi
337 1662 415 1736 quod
429 1663 572 1736 polhoitus
583 1679 623 1736 es,
639 1669 669 1724 tc
683 1679 902 1738 permansurum
911 1664 1060 1726 nobiscum
1073 1681 1164 1739 usque
1177 1664 1215 1726 ad
1229 1680 1297 1726 eon·

117 1768 340 1829 summationem
360 1768 457 1828 seouli.
485 1769 578 1843 Igitur
600 1768 649 1840 da,
673 1774 707 1828 ut
721 1769 863 1844 possimus
885 1770 1045 1830 intentione
1059 1771 1114 1849 hoo
1128 1770 1295 1845 gravissima

118 1873 289 1944 subsistere,
306 1887 362 1946 quo
376 1877 406 1932 te
422 1858 554 1934 veniente
568 1873 695 1934 levemus
710 1873 805 1948 cupito
826 1880 927 1934 nostra
941 1847 972 1934 e't
987 1873 1023 1933 de
1038 1879 1089 1934 tue
1102 1875 1229 1949 gratuita
1242 1875 1294 1934 ho·

117 1977 214 2036 nitete
244 1992 379 2036 coronam
407 1979 507 2050 gloriae
535 1993 599 2038 cum
621 1978 751 2038 omnibus
772 1978 871 2038 electis
895 1978 953 2038 tuis
977 1982 1165 2052 reportemus.
1204 1965 1302 2052 quuo¹

120 2087 245 2158 propter
272 2097 412 2142 summam
432 2089 511 2144 tuam
536 2084 710 2158 bonitatem,
734 2083 861 2159 domiue,
886 2085 932 2143 cul
951 2099 1015 2143 cum
1036 2087 1122 2158 patre
1143 2089 1173 2143 et
1196 2089 1295 2146 sancto

117 2187 227 2260 spiritu
240 2187 344 2262 honor,
360 2187 425 2247 laus
440 2189 478 2247 sit
493 2193 523 2248 et
537 2189 639 2264 gloria.
663 2189 765 2255 nmen.

210 2291 322 2354 Eadem
341 2295 421 2354 veuit
434 2291 565 2354 dcenues
586 2294 668 2354 nobis
688 2293 842 2368 epedibus
857 2310 875 2354 a
889 2293 1003 2354 Joenue
1020 2292 1162 2362 ¹Galacteo
1177 2286 1208 2354 et
1221 2293 1296 2354 Her·

118 2413 227 2457 monuo
241 2398 337 2458 Nellio
357 2397 440 2458 nohis
460 2399 572 2458 litteros
592 2397 741 2474 adferens,
765 2399 1027 2461 coloniensium'et
1045 2399 1296 2474 monachorumiu

119 2504 288 2562 comitmum
307 2509 438 2562 nostrum
459 2502 658 2564 infestationes
682 2511 895 2566 concernentes.
934 2504 1046 2565 Detulit
1069 2509 1099 2564 et
1127 2505 1237 2566 litteras
1259 2504 1295 2564 ah
1321 2581 1324 2584 Ι

123 2607 235 2668 eisdem
249 2607 288 2667 nd
304 2607 460 2679 Liberium.
786 2594 789 2606 '

211 2713 291 2772 Nota
313 2716 362 2786 qui
385 2711 469 2772 fieret
495 2715 572 2787 quod
596 2715 779 2775 Hermaunus
805 2714 875 2774 nihil
903 2715 939 2774 de
958 2714 1081 2788 pecunia
1104 2715 1293 2790 rescripserit.

122 2819 267 2892 Nepotem
283 2822 413 2878 nostrum
429 2819 589 2879 Samuelem
603 2819 733 2878 nondum
745 2834 859 2893 quoqne
875 2817 1053 2880 Weldsoium
1068 2821 1221 2896 appulisse.
1250 2863 1253 2868 -
1272 2819 1277 2828 ’

212 2925 342 2984 Vidimus
357 2922 458 2983 endem
473 2923 589 2986 Werdue
605 2925 719 2983 domum
734 2923 853 2984 Antonii
862 2925 988 2998 Fugg'eri
1003 2927 1081 2984 intre
1095 2927 1202 3000 moenia
1217 2925 1305 2984 urhis

57 3040 59 3044 ·
121 3045 292 3104 magnarum
320 3005 408 3102 opum¹
427 3030 661 3112 ostentatricem..
688 3029 780 3103 Regia
803 3045 866 3089 esse
885 3029 976 3102 possit
997 3029 1146 3090 habitatio.
1186 3015 1296 3114 Gemini

122 3135 235 3210 aliquot
248 3151 285 3194 ex
297 3151 441 3198 maumam
455 3134 595 3208 candido,
608 3128 677 3194 ¹non
694 3140 790 3194 tamen
805 3134 891 3209 pario
909 3133 961 3198 sed
974 3133 1148 3207 Eisteteuse,
1164 3131 1295 3192 tabulata

122 3247 162 3300 ex'
174 3241 254 3316 liguo
269 3241 342 3300 varii
357 3241 480 3314 generis,
496 3240 644 3313 laquearia
659 3238 798 3299 deaurata
819 3240 864 3299 vel
886 3239 982 3314 potins
997 3254 1099 3298 eurum
1112 3235 1292 3298 fictooolore
1372 3233 1375 3243 “

122 3345 273 3420 ementita,
296 3351 329 3404 ut
350 3345 387 3404 de
408 3345 578 3419 pavimentis
598 3343 706 3404 affabre
721 3345 844 3419 planetis
866 3349 976 3404 mecam
991 3359 1044 3404 sua
1057 3344 1181 3418 planicie
1195 3346 1294 3416 super-

122 3451 278 3512 bientibus.
302 3450 419 3509 Etcum
434 3449 483 3508 alii
498 3466 534 3508 ex
543 3449 700 3510 virentibus
715 3450 805 3524 pratis
816 3450 915 3512 hortos
927 3449 1066 3510 daedalios
1080 3447 1295 3524 magnifaciunt,

122 3557 170 3620 hic
190 3553 288 3614 vidme
310 3559 373 3614 erat
392 3554 550 3628 labyriutos
574 3557 603 3614 in
623 3557 793 3630 pavimento
811 3573 848 3616 ex
863 3556 1007 3616 asseribus
1022 3555 1124 3615 dolods
1138 3556 1211 3614 miro
1226 3553 1294 3612 insi·

123 3656 259 3728 noemine
278 3661 394 3723 structis
411 3659 590 3720 lineamentis
615 3678 666 3736 peu·
681 3679 768 3737 gyros
783 3666 813 3721 at
826 3661 1001 3732 meandros,
1027 3675 1063 3718 ex
1078 3659 1182 3732 quibos
1196 3657 1293 3717 deum·

123 3767 227 3828 balans
243 3755 397 3830 difficulter
416 3781 447 3824 se
468 3765 525 3844 nisi
544 3767 716 3826 lineamenta
736 3767 881 3826 transiliat
899 3779 1001 3824 eruere
1020 3767 1125 3836 potest.
1160 3760 1297 3823 sedunt

124 3873 184 3931 suis
198 3869 337 3934 divitibus
353 3853 438 3945 opes,
462 3871 512 3943 qui
531 3867 606 3930 lorte
621 3871 762 3930 civitatem
786 3873 1002 3958 permanentem
1016 3869 1063 3926 hic
1076 3865 1221 3928 adificare
1235 3870 1295 3926 sta·

124 3980 219 4038 tuuut.
242 3974 315 4035 Inde
330 3974 515 4034 redeuntibus
530 3973 635 4048 hospes
650 3979 747 4034 noster
763 3975 915 4049 aethiopem
930 3985 1087 4045 cursorem,
1104 3973 1153 4047 qui
1164 3969 1295 4048 Hispano
1319 4013 1323 4019 ·

125 4081 264 4142 custodie
287 4060 425 4156 principis
448 4079 597 4140 Cattorum
611 4077 748 4152 prolecto
762 4097 781 4140 a
796 4079 918 4155 pedihus
938 4081 1040 4152 servit,
1061 4083 1229 4151 conspectus
1243 4077 1294 4137 ιιο·Ι

126 4187 230 4246 minem
245 4185 282 4246 ad
297 4185 463 4250 sevocavit.
503 4184 591 4258 Quem
612 4185 662 4244 uhi
682 4184 718 4244 de
737 4185 875 4260 principis
889 4183 1054 4244 ualetudine
1070 4190 1100 4245 et
1113 4197 1238 4258 quonam
1251 4182 1294 4240 lo·

125 4269 225 4350 eorum
239 4307 316 4351 nuno
335 4269 540 4356 asservaretur,
551 4303 728 4366 rogaremus,
743 4290 906 4364 respondit:
924 4289 989 4350 duh
1011 4293 1123 4350 'noctem
1138 4303 1202 4346 cum
1215 4286 1294 4362 cepi<

122 4402 213 4458 -taneo
226 4413 290 4458 meo
305 4398 343 4456 in
357 4394 434 4456 Heln
449 4395 605 4477 Sacrorum
624 4395 813 4468 pernoctavit.
850 4396 885 4454 ln
904 4409 939 4455 ea
959 4395 1035 4456 enim
1048 4395 1120 4456 urhe
1133 4390 1296 4466 hispanicus

125 4502 270 4566 surdius
284 4517 343 4565 una
356 4517 421 4594 cam
430 4499 616 4578 ¹landtgrauio
628 4515 743 4564 meuses
750 4498 823 4570 duos
833 4500 984 4577 transiret.
994 4499 1084 4562 'Jussi
1089 4498 1181 4574 igitur
1193 4493 1295 4556 ethice

1244 4615 1254 4651 l
