3046 5104
657 427 818 493 .82

216 609 308 668 nostri
323 613 352 668 et
366 609 449 669 nobis
464 609 494 667 in
509 605 621 668 bonnm.
661 608 780 668 Manum
800 609 889 683 igitur
911 613 1002 684 patris
1018 609 1164 685 patienter
1178 617 1208 669 et
1221 610 1391 670 obedienter

215 711 349 773 feramus.
374 715 492 774 Interim
507 713 562 773 hoc
576 710 685 774 addens
701 715 869 786 exemplum.
895 713 1106 774 Paterfamilias
1121 716 1146 773 si
1161 715 1307 774 surculum
1321 715 1391 774 mali

214 819 325 879 arboris
341 821 433 894 stipiti
446 821 547 878 inserit
562 825 591 878 et
604 819 659 878 hoc
673 819 829 894 virgultum
843 819 874 877 in
889 819 1072 880 arbusculam
1093 819 1197 879 evadat
1211 826 1241 879 et
1255 835 1344 879 unum
1359 825 1390 878 et

214 925 336 986 alterum
357 927 504 1002 pomulum
524 929 595 987 hero
616 943 668 986 suo
688 927 844 1001 producat,
870 929 1037 998 pergratum
1057 926 1172 998 qniddm
1192 931 1236 984 est
1250 926 1332 985 hero.
1358 925 1389 984 Si

214 1036 309 1091 autem
323 1032 440 1090 tandem
460 1033 491 1090 in
509 1033 595 1104 justa
617 1031 798 1105 proceritatis
820 1030 952 1090 arborem
976 1037 1124 1091 excrescat
1138 1035 1167 1089 et
1181 1035 1242 1088 tum
1257 1047 1317 1090 non
1333 1031 1388 1088 nisi

213 1151 301 1196 unum
316 1143 367 1196 aut
381 1137 503 1196 alterum
518 1153 632 1211 pomum
647 1136 840 1212 patrifamiliae
855 1136 968 1208 tulerit,
993 1135 1109 1194 tandem
1124 1135 1320 1196 subiraseetur
1334 1151 1386 1208 pa·

214 1239 381 1306 teriamilias
401 1247 430 1300 et
449 1243 581 1301 arborem
603 1241 844 1300 banesuccidere
865 1239 986 1314 jubebit.
1027 1241 1075 1300 Sic
1094 1257 1209 1314 quoque
1230 1246 1274 1300 est
1295 1241 1387 1314 patris

213 1345 339 1410 eoelestis
355 1361 426 1420 erga
440 1362 493 1405 nos
509 1347 633 1420 animus,
657 1347 682 1404 si
704 1358 818 1420 semper
839 1347 944 1404 erimus
965 1345 1107 1405 discentes
1127 1353 1158 1406 et
1179 1362 1325 1420 nunquam
1349 1344 1387 1404 ad

213 1447 326 1524 frugem
340 1451 493 1523 pervenire
509 1467 653 1525 conemur,
669 1467 729 1510 non
744 1449 871 1524 quotidie
884 1451 969 1510 nobis
983 1451 1053 1523 ipsis
1068 1452 1201 1510 meliores
1211 1451 1386 1511 evaserimus

214 1569 248 1614 ac
262 1556 291 1613 in
306 1555 364 1612 rite
379 1555 429 1614 illa
445 1553 560 1615 Christo
580 1557 684 1614 uberes
707 1554 817 1614 fruetus
831 1552 965 1614 ieramus.
1005 1554 1062 1614 Sed
1077 1555 1139 1614 heac
1154 1555 1257 1629 omnia,
1282 1556 1385 1628 inquit,

215 1658 291 1720 dieta
307 1661 364 1718 sint
380 1660 416 1719 de
430 1645 593 1722 christianis
609 1666 639 1720 et
652 1661 703 1734 qui
719 1659 834 1720 Christo
854 1661 970 1720 nomina
984 1677 1037 1719 sua
1051 1654 1202 1734 dederunt}
1219 1661 1261 1720 illi
1276 1661 1386 1720 servire

214 1779 252 1824 ex
265 1765 361 1824 animo
377 1767 533 1842 cupientes.
557 1767 633 1826 Nam
648 1768 773 1840 reliquos
789 1765 930 1839 palmites,
950 1765 999 1840 qui
1013 1771 1116 1838 sponte
1131 1764 1316 1840 degenerant,
1332 1779 1384 1839 pa·

213 1875 259 1930 ter
273 1871 432 1945 amputabit
452 1878 481 1930 et
491 1874 630 1932 *collectos
645 1873 705 1947 igni
719 1873 838 1945 injicere
849 1869 969 1944 jubebit.
993 1870 1074 1929 Dixit
1088 1876 1118 1930 et
1132 1870 1190 1930 ulia
1204 1870 1295 1930 multa
1308 1885 1383 1944 prae·

214 1975 294 2036 alara
308 1977 338 2036 in
353 1977 427 2038 hanc
439 1976 622 2038 sententiam.
656 1977 741 2038 Faxit
755 1974 834 2036 Deus
849 1980 881 2034 ut
896 1977 983 2034 simus
997 1974 1128 2049 palmites
1142 1973 1219 2050 fidei,
1236 1981 1386 2050 portantes

215 2080 315 2142 botros
329 2083 360 2143 iu
374 2083 426 2141 viti
440 2087 519 2141 uera.
542 2083 643 2141 Amen.
1056 2063 1060 2069 ¹
1326 2101 1329 2106 ¹

301 2186 365 2245 Hac
380 2185 426 2246 die
441 2185 626 2244 Franciscum
648 2187 781 2245 nuncium
796 2199 896 2246 rursus
912 2187 1101 2247 Corbacbinm
1123 2187 1220 2246 multis
1231 2187 1385 2246 'literarum

213 2291 355 2354 fasdculis
371 2296 521 2351 oneratum
540 2292 708 2351 remisimus.
747 2293 916 2352 Remisimus
932 2298 961 2352 et
975 2293 1087 2352 doctori
1104 2291 1199 2352 Maior
1212 2293 1302 2352 libros
1317 2307 1385 2352 nuce

213 2411 267 2472 per
280 2395 469 2457 Melchiorem
484 2397 637 2456 Lindium.·
1306 2411 1308 2416 ·

303 2503 380 2562 Ante
394 2501 543 2562 meridiem
558 2499 662 2562 iratres
678 2503 861 2591 sollicitatum
875 2503 971 2578 ibant,
994 2503 1045 2563 sed
1060 2502 1260 2563 atrebatensis
1274 2509 1388 2578 patrem

214 2607 335 2696 adierat.
366 2607 392 2667 A
406 2607 528 2682 prandio
543 2623 613 2668 uero
627 2624 681 2683 per
695 2609 899 2688 cubicularium
921 2609 983 2680 ejus
1003 2609 1058 2669 hoc
1072 2609 1202 2682 responsi
1216 2610 1386 2684 accepimus,

214 2712 277 2773 bari
292 2702 310 2774 a
324 2715 412 2773 missa
427 2713 535 2773 Caesari
558 2713 594 2773 de
608 2713 663 2774 hae
678 2731 710 2773 rc
726 2729 757 2772 se
772 2713 903 2773 nonnihil
919 2713 1039 2784 dixisse,
1064 2715 1115 2774 sed
1137 2715 1342 2788 imperatorem
1355 2725 1387 2771 se

214 2817 341 2880 nondum
356 2819 517 2880 resolvisse.
541 2817 599 2878 Hic
612 2823 675 2878 erat
688 2819 774 2893 hujus
789 2818 846 2878 diei
861 2823 950 2878 aetus.

303 2924 452 2984 Invisimus
478 2925 624 2984 doctorem
652 2923 788 3008 Gerulum
808 2930 838 2983 et
856 2923 1044 2997 perexiguum
1063 2929 1127 2982 erat
1147 2924 1209 2998 eius
1227 2924 1385 2997 consilium,

214 3029 269 3090 nisi
285 3027 362 3103 quod
375 3029 544 3104 patientiam
559 3031 659 3089 suasit.
675 3031 762 3089 Venit
771 3028 950 3088 amanuensis
960 3028 1008 3087 ille
1019 3033 1048 3086 et
1057 3028 1121 3087 heri
1136 3033 1166 3086 et
1179 3028 1265 3088 bodie
1279 3030 1388 3104 scripta

214 3133 358 3195 adferens.
389 3132 533 3207 Tatierne,
557 3135 611 3206 ait,
632 3131 692 3193 ilux
706 3135 805 3194 venio:
836 3134 884 3194 Sic
900 3123 1093 3207 germanicum
1115 3133 1222 3195 idioma
1236 3133 1388 3195 addiscunt

213 3239 299 3301 Iberi.
325 3288 327 3293 .
974 3285 976 3290 .

280 3416 282 3423 Α
302 3343 425 3404 Domine
440 3343 536 3416 Deus,
560 3357 708 3418 quousque
721 3345 769 3403 ira
783 3350 834 3403 tua
850 3344 1006 3405 desaeviet?
1028 3347 1074 3404 Eu
1090 3345 1210 3420 pertulit
1230 3343 1386 3404 Germania

214 3453 339 3524 pestem,
360 3447 464 3509 tamem
487 3449 568 3522 panis
592 3452 621 3506 et
636 3449 761 3522 gladium
781 3449 906 3508 hostium
926 3456 1091 3510 exterorum
1106 3455 1136 3509 et
1149 3450 1285 3509 intestina
1301 3448 1385 3522 bella,

214 3569 268 3614 nec
282 3559 379 3614 tamen
393 3551 459 3613 finis
474 3560 527 3613 est.
551 3553 680 3614 Minatur
695 3554 805 3628 ereptio
820 3555 900 3615 verbi
915 3557 967 3614 tui.
1003 3536 1116 3614 (latera
1138 3555 1235 3614 omnia
1245 3556 1325 3628 iuste
1338 3569 1387 3612 ve·

214 3666 320 3721 nerunt
334 3675 421 3734 super
435 3675 487 3719 uos
507 3665 626 3733 propter
645 3661 754 3720 seelera
769 3664 877 3719 nostra.
921 3659 945 3718 Ο
961 3659 1083 3734 domine,
1100 3664 1129 3719 et
1142 3659 1198 3718 hoc
1211 3665 1386 3733 postremum

215 3775 329 3840 quoque
343 3763 434 3838 probe
448 3781 600 3825 meremur.
632 3766 740 3825 Verum
754 3763 1017 3824 misericordissime
1033 3764 1113 3840 deus,
1137 3771 1170 3824 ut
1184 3779 1237 3824 nos
1252 3763 1386 3838 indignos

214 3874 380 3948 peccatores
395 3867 523 3928 confusio
538 3869 623 3930 faciei
638 3877 668 3931 et
687 3873 783 3931 onmia
796 3867 873 3929 mala
888 3854 1004 3944 decent,
1026 3873 1068 3930 ita
1081 3870 1217 3930 thronum
1230 3875 1312 3928 tuum
1325 3867 1384 3929 ior·

175 3969 177 3973 ’
213 3973 316 4048 titudo,
342 3973 553 4049 magnificentia
569 3981 598 4035 et
612 3974 809 4036 misericordia
824 3976 915 4035 decet.
951 3976 1110 4050 Propterea
1133 3991 1169 4035 ex
1183 3977 1240 4034 imo
1255 3979 1285 4034 te
1299 3989 1385 4048 roga·

214 4092 278 4139 mus
292 4085 419 4155 pectore,
435 4079 517 4140 aufer
532 4097 550 4140 a
565 4082 646 4141 nobis
662 4082 767 4141 malum
781 4081 836 4140 hcc
851 4087 880 4140 et
893 4097 930 4139 ne
946 4078 995 4140 des
1006 4080 1092 4140 ¹lame
1107 4083 1188 4142 uerbi
1206 4081 1258 4152 tui,
1282 4080 1313 4138 in
1327 4093 1386 4152 qno

215 4184 276 4261 solo
296 4185 429 4262 vivimus,
450 4202 507 4246 nos·
527 4189 651 4246 enecari.
688 4185 735 4244 Ne
753 4186 891 4261 respicias
910 4191 1039 4246 nostram
1061 4201 1131 4260 erga
1145 4193 1224 4246 tuam
1238 4185 1384 4258 pietatem,

215 4305 233 4351 ο
251 4291 330 4366 deus,
346 4292 591 4366 ingratitudinem,
609 4284 659 4350 sed
673 4291 877 4350 misericordiae
890 4297 951 4352 ¹tuae
966 4292 1093 4365 antiquae
1107 4281 1261 4352 retardare
1276 4303 1386 4363 nosque

214 4395 322 4458 diutius
337 4397 423 4456 verbo
443 4403 493 4456 tuo
509 4411 626 4469 pascere
643 4396 779 4469 digneris.
810 4397 895 4456 Mitte
909 4402 1002 4471 pater,
1025 4395 1105 4454 mitte
1120 4397 1270 4470 operarios
1284 4393 1385 4454 fideles

98 4497 103 4502 “
214 4501 246 4560 in
259 4509 381 4573 messem
394 4507 473 4566 tuam
492 4505 520 4558 et
535 4515 675 4560 conserva
689 4497 863 4562 etaonlorta
883 4517 946 4576 eos,
968 4515 1040 4574 quos
1061 4500 1167 4562 deffisti
1188 4501 1280 4577 uobis,
1304 4513 1341 4558 ne
1354 4499 1385 4560 in
