3054 5110
775 442 820 510 34

292 623 430 702 Fuggeri,
446 623 656 701 Bonmgnrteri,
671 625 856 702 Herbroteri,
880 583 978 688 Goslei
994 633 1023 690 et
1039 609 1298 704 quidquid‘hnrnm
1308 621 1382 693 her·

111 732 119 741 ’
205 731 320 808 pinrnm
335 735 389 808 est,
405 745 472 792 snos
487 735 643 806 proventus
658 730 750 803 inhio
765 733 886 794 comitiis
901 733 1044 810 mergere
1060 735 1204 796 dicuntur.
1341 813 1342 816 Ἴ

295 835 419 898 Domine
433 836 514 898 Deus
529 839 635 914 et'rex,
650 837 682 896 in
697 838 777 912 cujus
791 855 878 899 menn
893 838 980 900 corde
995 840 1121 901 omnium
1136 847 1203 902 sunt
1217 841 1383 920 virentium,

207 943 257 1018 qni
270 941 358 1004 hodie
371 943 442 1002 mihi
455 943 486 1003 iu
501 947 655 1028 conspectu
668 943 698 1003 N
715 948 746 1003 ct
765 943 794 1004 N
814 945 942 1020 gradem·
958 945 1088 1006 invenire
1108 945 1229 1023 dedisti,
1254 949 1305 1022 qni
1325 965 1383 1009 non

207 1046 357 1110 confundis
371 1046 460 1110 decios
474 1047 528 1109 tibi
543 1063 575 1108 se
589 1049 830 1124 permittentium,
852 1049 959 1110 inclino
973 1067 1024 1111 cor
1037 1067 1139 1127 regum
1154 1057 1185 1112 et
1204 1053 1310 1114 hebeto
1331 1070 1380 1114 cn-

207 1167 272 1214 rom
285 1155 386 1215 nostri.
405 1152 445 1242 ,Id
458 1157 489 1214 te
504 1153 645 1230 deprecor
659 1170 713 1230 per
727 1155 746 1216 J
748 1171 827 1215 esum
843 1152 989 1215 Christum
1003 1155 1149 1217 dominum
1163 1163 1309 1234 nostrum,
1333 1161 1382 1233 qni

207 1263 302 1320 mcum
315 1260 387 1321 vivit
400 1264 431 1320 et
444 1264 550 1336 regnet
563 1262 594 1320 in
608 1261 720 1322 unitate
735 1261 856 1335 spiritns
869 1259 898 1322 S.
910 1259 990 1322 Dens
1005 1276 1058 1335 per
1074 1262 1170 1326 omnio
1185 1263 1282 1324 sconis
1295 1279 1377 1326 secu-

208 1363 310 1425 lorum.
333 1363 436 1426 Amen.

135 1554 137 1558 .
295 1470 469 1531 Benedictus
484 1469 573 1545 Dens,
595 1469 645 1544 qni
659 1469 799 1532 mirabilis
813 1473 1024 1535 estinsenctis
1045 1474 1114 1558 suis,
1146 1473 1224 1534 Nom
1245 1489 1318 1548 qnos
1337 1475 1380 1536 ri·

209 1574 387 1649 detmjnxta
400 1577 515 1636 nostros
530 1575 627 1635 oonios
642 1575 790 1652 objecisse,
805 1576 859 1637 hos
875 1577 979 1654 evehit,
996 1594 1069 1652 qnos
1083 1579 1115 1639 in
1128 1579 1217 1640 ultum
1232 1577 1379 1654 entniisse,

207 1681 261 1741 hos
274 1685 370 1742 mente
385 1665 480 1741 cordis
495 1681 540 1740 sni
555 1679 704 1757 disperdit,
719 1686 753 1742 nt
766 1681 865 1742 videre
880 1687 933 1744 est.
949 1684 1005 1746 'Sic
1017 1683 1122 1745 Daniel
1137 1682 1267 1759 objectus
1281 1691 1313 1745 et
1326 1685 1379 1745 hu·

207 1787 282 1846 milis
296 1787 542 1862 derosolymorum
556 1788 627 1848 ciris
641 1787 749 1862 primos
763 1789 887 1850 honores
903 1789 970 1850 exui
984 1795 1014 1850 et
1028 1790 1168 1852 ehdnetus
1184 1789 1263 1866 opud
1276 1786 1378 1865 poten·

206 1893 346 1954 tissimum
360 1892 528 1990 Babylonico
543 1909 642 1969 regem
656 1895 850 1968 consequitur.
875 1893 923 1955 Sic
937 1895 1046 1971 Joseph
1062 1894 1231 1958 udonibus
1246 1895 1381 1958 venditus
1503 1933 1504 1984 3

207 1999 314 2075 etipse
328 2004 430 2074 ceptus
445 2005 475 2060 et
493 2000 524 2059 in
544 2013 660 2060 cornere
679 2001 832 2074 primorum
850 2000 911 2075 ogit
929 2005 959 2060 et
976 2000 1118 2062 secundus
1137 1999 1253 2077 etpost
1270 2017 1378 2077 regem.

208 2103 256 2165 Sic
265 2103 568 2166 JoonnesFridericns
581 2109 611 2166 et
624 2104 779 2166 ditionibus
794 2105 924 2165 omnihus
940 2111 1043 2168 erutus
1058 2112 1088 2168 et
1101 2108 1132 2167 in
1147 2107 1278 2168 custodio
1292 2107 1379 2168 etium

207 2209 245 2270 sb
258 2210 390 2272 hostibus
403 2211 502 2283 magni
515 2207 549 2270 iit
563 2215 593 2270 et
607 2226 625 2270 e
639 2214 724 2284 gente
740 2209 902 2286 oiienigene
917 2216 948 2272 et
962 2213 1074 2272 exotica
1088 2212 1162 2273 bene
1177 2210 1271 2293 ondit,
1291 2211 1377 2272 Men·

207 2313 291 2375 ritino
306 2313 356 2374 ilie
371 2313 451 2375 etth
465 2315 573 2375 exteris
588 2315 751 2376 notionibus
766 2321 828 2376 ete
848 2314 1011 2377 Germanico
1030 2316 1171 2393 indigenis
1190 2317 1266 2378 mule
1286 2317 1377 2392 ondit,

206 2417 282 2481 forte
296 2436 373 2481 nuuc
386 2417 559 2496 agnosceris,
583 2425 693 2497 quante
711 2419 865 2482 infelicius
885 2423 923 2483 sit
937 2423 1022 2497 juxto
1041 2422 1268 2484 Mochobeorom
1287 2422 1377 2484 libros

206 2540 363 2602 prosperos
377 2541 447 2602 erga
461 2531 597 2602 cognatos
611 2525 719 2587 hebere
733 2541 893 2602 tutoresne,
909 2543 947 2588 ne
961 2528 1078 2588 interim
1093 2528 1195 2588 enimis
1210 2529 1302 2603 ipsius
1315 2527 1375 2588 Au·

207 2632 283 2706 gnoti
294 2629 547 2708 Octoniemdieto:
563 2621 760 2699 Proditionem
769 2647 843 2708 omo,
860 2632 1037 2708 proditorem
1052 2649 1111 2693 non
1124 2635 1176 2710 ita,
1191 2632 1374 2708 percelletur.

296 2731 354 2800 xxv
371 2737 494 2815 Aprilis,
525 2754 590 2813 queo
608 2735 702 2802 Murci
721 2729 930 2813 'Evangeiistae'
945 2754 1029 2798 sucre
1050 2745 1114 2799 eret
1133 2738 1195 2799 dies
1216 2739 1247 2798 in
1269 2739 1376 2814 templo

206 2825 353 2905 Minor-nm
365 2859 524 2906 sermonem
536 2833 636 2905 audire
645 2844 818 2919 volebamus,
834 2821 933 2902 rernm
942 2844 966 2902 is
981 2849 1048 2922 onte
1063 2849 1173 2904 sextum
1188 2841 1287 2904 finitus
1303 2845 1375 2917 erat,

206 2964 297 3025 qnare
311 2951 350 3012 ad
364 2949 401 3011 D.
417 2947 548 3012 Mauritii
561 2949 652 3010 eedem
671 2965 724 3011 nos
743 2949 928 3024 contnlhnus,
951 2946 991 3007 ibi
1011 2949 1047 3008 Ι).
1067 2949 1232 3010 Musonium
1252 2965 1289 3009 ex
1312 2965 1374 3023 cop.

209 3059 250 3116 14
272 3056 394 3119 Joonnis
412 3055 475 3116 hoec
489 3057 578 3118 verbe
593 3055 698 3116 Christi
712 3056 833 3133 scilicet:
859 3053 1075 3114 «Haeclocutus
1091 3071 1154 3114 snm
1173 3052 1271 3128 vohis,
1297 3052 1376 3128 epnd

199 3160 257 3222 'vo's
271 3175 406 3238 monens,
430 3163 592 3236 persoletus
608 3168 704 3222 summ
718 3160 781 3235 ille,
804 3160 854 3234 qui
869 3165 913 3220 est
928 3159 1052 3232 Spiritus
1066 3161 1096 3220 S.
1113 3159 1197 3234 quem
1218 3156 1375 3236 (spiritum)

183 3285 186 3292 ⁴
205 3268 301 3327 mittet
313 3273 398 3343 poter
411 3267 526 3327 nomine
540 3250 614 3340 meo,
629 3267 678 3326 ille
692 3283 743 3327 nos
759 3264 874 3326 dooehit
888 3265 983 3326 omnia
997 3271 1028 3326 ct
1042 3270 1178 3340 suggeret
1186 3263 1267 3325 vohis
1279 3264 1376 3323 omnio

204 3387 381 3446 qnaecunqne
397 3371 459 3443 dixi
471 3371 572 3432 vohis»
589 3371 733 3446 legentem
747 3375 777 3430 et
791 3351 1169 3445 exponentemeudivimus.
1183 3369 1306 3458 uDocuit
1320 3369 1374 3444 igi·

205 3483 253 3536 tur
262 3477 339 3536 inter
350 3482 464 3553 coetero,
481 3478 545 3552 quis
560 3481 637 3538 esset
650 3476 698 3536 ille
713 3476 831 3550 spiritns
845 3468 975 3536 verimtis
990 3481 1021 3536 et
1035 3478 1167 3561 quisnam
1181 3476 1205 3536 is
1221 3480 1307 3550 esset,
1324 3475 1375 3548 qui

101 3636 104 3642 s
203 3597 268 3643 enm
282 3582 341 3644 dot.
364 3583 436 3643 Item
451 3581 529 3668 quod
543 3581 778 3656 exercitationem
793 3581 926 3642 doctrino
939 3579 1104 3656 precedere
1115 3581 1229 3655 dehent,
1246 3583 1276 3640 et
1293 3578 1375 3654 prins

204 3673 315 3750 discere
330 3703 416 3764 quem
431 3689 506 3748 scire
520 3686 680 3748 conveniet.
704 3685 823 3746 Nullum
838 3687 915 3746 enim
930 3684 1055 3746 officium
1068 3687 1115 3748 vel
1130 3691 1221 3747 ortem
1240 3699 1372 3745 necesse-

203 3794 276 3854 rism
291 3809 426 3855 exercere
441 3795 568 3869 poterit,
580 3793 629 3867 qui
644 3809 703 3853 non
717 3793 798 3868 prius
813 3791 856 3853 eb.
865 3791 961 3866 nliqno
975 3793 1131 3852 instructus
1147 3805 1210 3851 eom
1224 3789 1315 3866 probe
1329 3789 1373 3848 di·

203 3897 314 3960 dicerit.
347 3881 582 3993 ItemOhristnm
593 3897 631 3958 D.
647 3897 785 3974 apostolis
800 3899 859 3958 suis
878 3899 908 3958 in
929 3901 1064 3982 quonum
1082 3912 1174 3970 nsque
1196 3911 1303 3956 onnnm
1323 3889 1375 3954 oro

202 4019 256 4066 suo
270 4009 454 4066 somosencto
470 4000 668 4088 concionatum
684 4020 760 4080 esse,
784 4020 837 4064 neo
851 4008 948 4064 tomen
964 4017 1013 4063 eos
1023 4018 1065 4088 ex
1079 4017 1167 4062 cerne
1182 4007 1212 4061 et
1232 3993 1374 4075 nongmne

199 4108 276 4170 huno
289 4107 414 4171 fructum
428 4111 584 4172 solutorem
598 4114 801 4185 consequutus,
827 4110 896 4184 quin
916 4108 971 4168 hoo
991 4108 1095 4182 spiritu
1114 4107 1263 4182 pereoleto
1284 4104 1374 4165 eorde

201 4228 301 4274 eorum
315 4217 499 4290 operirentur
513 4220 543 4276 et
556 4214 594 4276 ab
608 4215 659 4276 iilo
675 4215 855 4276 docerentur.
884 4215 957 4274 Item
971 4212 1043 4272 nihil
1055 4211 1159 4274 iecere
1179 4211 1217 4272 ed
1237 4211 1373 4285 salntem,

201 4319 291 4382 multo
305 4324 435 4396 tempore
448 4319 568 4382 verbnm
588 4320 744 4396 sudiuime,
767 4321 799 4379 ni
813 4319 935 4395 'spiritns
958 4334 1073 4392 qnoque
1091 4319 1169 4378 intus
1189 4321 1371 4392 cooperetur.

202 4425 275 4485 Item
290 4443 376 4500 quem
398 4428 485 4490 etiem
504 4427 542 4486 D.
562 4427 732 4501 Hieronymi
751 4429 846 4500 netnte
858 4423 979 4490 ecclesio
998 4425 1035 4490 ab
1056 4423 1112 4486 hoc
1131 4423 1235 4498 spiritu
1254 4421 1372 4486 desiere

199 4531 334 4608 cooperit,
350 4531 497 4596 evidenter
511 4524 553 4594 eri
562 4531 658 4594 verbis
675 4530 765 4606 ipsius
773 4527 941 4602 Hieronymi
955 4527 986 4590 in
1001 4529 1123 4606 epistole
1131 4529 1170 4591 od
1178 4527 1372 4606 Nepooonum
