3046 5104
794 384 958 502 loo.

148 685 149 694 χ
238 621 293 696 ipsi
316 621 352 680 ex
375 620 434 702 boc¹
454 617 635 678 consecuturi
658 621 763 680 essent.
801 617 884 691 Quod
906 621 1000 677 autem
1024 615 1170 676 addiderit
1191 616 1416 690 deputatione,

235 725 394 800 abjectione
423 729 452 801 et
477 723 658 796 colligatione
684 719 847 796 infrugiferi
875 721 999 794 palmitis
1022 721 1089 795 igne
1103 719 1416 796 -comburendi„com·

235 830 419 890 minationem
435 843 498 887 esse
514 844 578 886 curn
590 827 669 900 justa
684 826 827 886 antithesi.
858 826 978 894 Duobus
993 830 1088 886 autem
1098 825 1194 886 modis
1212 843 1265 886 nos
1280 827 1311 886 in
1328 825 1412 885 Obri-

235 937 279 992 sto
302 949 360 991 non
382 911 498 990 manere
513 930 604 1002 ¹dixit3
634 931 727 1006 primo
750 947 813 988 cum
841 931 959 992 verbum
987 931 1048 1004 ejus
1062 929 1219 1005 andimus,
1248 931 1302 990 sed
1324 929 1413 990 corde

235 1035 350 1097 Christo
365 1053 424 1095 non
442 1011 634 1107 adhaeremus
659 1033 783 1095 secundo
805 1033 871 1094 dnm
892 1035 1010 1096 verbum
1029 1033 1143 1108 quidem
1162 1035 1225 1108 eius
1244 1035 1412 1108 arripimus,

234 1142 265 1204 id
280 1143 373 1216 ipsum
387 1140 418 1198 iu
433 1138 520 1200 corde
541 1138 623 1200 rrobis
644 1136 760 1214 quoque
777 1139 922 1214 dulcescit,
946 1141 997 1200 sed
1018 1144 1113 1199 minen
1134 1155 1187 1214 per
1198 1127 1296 1212 'hujus
1309 1140 1413 1200 mundi

235 1246 384 1306 illecebras
406 1245 452 1304 vel
473 1245 647 1303 tentationes
669 1227 840 1318 repedemus
861 1249 953 1318 retro,
978 1247 1052 1304 sieut
1072 1249 1102 1304 et
1124 1242 1255 1304 Christus
1274 1243 1412 1304 dominus

235 1351 265 1410 in
278 1349 417 1424 parabola
431 1349 597 1408 seminantis
613 1345 648 1408 de
664 1351 771 1408 semine
785 1349 904 1408 cadente
923 1349 1000 1412 inter
1019 1350 1116 1424 spinas
1135 1349 1246 1410 monuit
1265 1354 1320 1408 etc.
1351 1349 1412 1408 Do·

225 1448 328 1514 'minus
342 1458 576 1539 autem„'quatuor
594 1454 641 1512 bic
655 1441 842 1538 comminutus
856 1450 915 1528 est,
938 1453 1048 1516 scilicet
1065 1451 1143 1513 foras
1164 1454 1305 1528 ejicietur,
1329 1470 1410 1518 ares·

234 1565 289 1632 cet,
312 1538 462 1632 colligetur
476 1563 505 1616 et
519 1559 686 1633 projicietur
700 1560 848 1632 inignem.
879 1557 954 1618 Nam
973 1558 1099 1632 palmitis
1120 1559 1170 1632 qui
1190 1574 1210 1616 a
1229 1558 1288 1618 vite
1303 1559 1411 1618 rescin-

236 1663 313 1722 ditur
329 1663 393 1735 qnis
409 1679 476 1722 usus
492 1661 555 1722 est?
585 1663 703 1722 Nullum
718 1663 793 1720 eniin
813 1662 928 1722 odorem
948 1661 1046 1736 hebet,
1070 1679 1123 1722 nec
1142 1663 1228 1737 sapit,
1250 1677 1305 1722 nec
1325 1668 1410 1736 uptus

230 1773 280 1828 est
292 1767 331 1828 ad
345 1783 419 1843 opus
432 1767 509 1826 labri
524 1768 647 1842 lignarii,
671 1767 724 1826 ricc
739 1766 802 1826 luco
823 1765 1018 1826 meladense
1038 1767 1164 1841 prodest.
1184 1767 1276 1849 ‘Dicit
1295 1785 1411 1842 qnoque

235 1879 354 1948 arescet,
379 1873 455 1948 quod
477 1878 728 1946 quantumcunque
748 1872 879 1944 speciosa
898 1871 1051 1936 videantur
1071 1887 1174 1946 opera,
1198 1872 1223 1930 si
1242 1873 1273 1930 in
1295 1871 1411 1930 Christo

236 1965 295 2038 non
316 1979 571 2054 permanserimus,
596 1975 714 2036 undem
735 1982 933 2048 excrescentes
956 1982 986 2037 et
1008 1977 1127 2038 ericcati
1149 1976 1313 2036 reddemur.
1352 1975 1411 2036 Sed

235 2061 461 2158 inpiorumboe
483 2081 521 2140 sit
542 2081 700 2154 ingenium,
730 2085 762 2138 ut
782 2078 974 2154 parvifaciunt
995 2098 1057 2142 esse
1081 2084 1111 2140 in
1133 2080 1262 2154 Christo,
1287 2081 1357 2154 quin
1370 2086 1411 2162 et

234 2177 356 2248 mundns
376 2187 405 2246 id
424 2203 482 2246 non
502 2185 793 2265 admodumuppetit.
832 2185 955 2250 Mallent
974 2188 1049 2246 enirn
1070 2187 1213 2260 nonnulli,
1238 2186 1263 2244 ri
1283 2201 1319 2264 ex
1333 2185 1411 2260 ipso-

236 2309 300 2352 rum
328 2295 396 2350 roto
413 2291 559 2372 cederet,
581 2291 641 2348 suis
670 2289 863 2376 voluptatibus
891 2293 922 2348 in
951 2291 1006 2351 boc
1027 2291 1134 2352 mundo
1159 2290 1220 2350 frui
1247 2295 1278 2349 et
1306 2289 1411 2350 eoelum

239 2383 400 2455 'Christo-in
414 2393 744 2474 perpetuum-linquere.
777 2393 840 2467 Quo
859 2401 955 2455 eutem
975 2401 1146 2470 agnoscant,
1170 2397 1195 2454 si
1216 2397 1248 2454 in
1269 2396 1329 2456 vite
1348 2411 1410 2454 ma·

237 2516 306 2588 nere
321 2499 422 2574 nolint,
438 2499 470 2557 id
485 2514 534 2571 eos¹
549 2515 608 2557 non
622 2499 737 2572 impune
752 2498 871 2574 laturos,
889 2499 1126 2574 Christusaddit,
1150 2500 1333 2574 colligentur,
1356 2500 1413 2560 hoc

237 2609 290 2679 est,
310 2595 376 2662 ‘enm
390 2585 483 2662 nolint
497 2604 528 2660 in
543 2601 658 2663 Christo
677 2619 855 2677 permanere,
880 2605 967 2690 verbo
986 2595 1116 2678 ligantur
1132 2609 1161 2664 et
1179 2609 1318 2678 tunquam
1336 2604 1412 2664 aridi
1517 2619 1518 2622 ’

237 2687 369 2784 palmites
384 2710 524 2783 inignem
539 2709 737 2782 conjicientur,
762 2712 848 2780 atque
862 2709 925 2767 bac
940 2709 1054 2771 demum
1068 2725 1139 2768 vera
1153 2714 1203 2780 est¹
1218 2711 1410 2769 excommnui-
1517 2763 1518 2786 ,

230 2815 322 2874 uuo.
353 2813 483 2874 aarum
497 2819 527 2872 ee
541 2829 576 2872 ex
590 2811 740 2872 meceres
754 2793 1054 2886 locum-oeperunt
1067 2814 1135 2874 vius
1149 2819 1185 2874 a
1200 2813 1236 2872 ee
1254 2815 1412 2874 misnae

237 2919 365 2993 ejusdem
380 2921 536 2998 arescentis
552 2921 606 2977 etc
622 2933 684 2990 cap.
704 2921 753 2976 17.
785 2917 824 2975 Et
843 2913 1031 2992 projicientur
1050 2919 1206 2992 inignem,
1223 2917 1272 2976 bic
1287 2919 1410 2990 eritpo·
1517 2971 1518 2978 ,

237 3031 359 3106 suemus
374 3023 459 3097 buius
475 3023 598 3082 convivii
617 3021 730 3094 missus,
754 3023 784 3080 si.
797 3023 827 3080 iu
847 3023 906 3080 vite
925 3038 984 3080 non
1003 3019 1223 3096 permanserint,
1246 3027 1412 3082 arescentes

231 3133 337 3203 ,postea
356 3135 386 3186 et
404 3128 459 3186 sibi
480 3125 572 3185 relicti
592 3127 780 3200 projicientur
796 3127 832 3184 in
851 3120 970 3200 ignem,
983 3127 1087 3200 ignem,
1110 3123 1237 3200 inquam,
1260 3133 1412 3201 aternum,

204 3303 208 3314 ,
237 3232 287 3296 ubi
309 3234 365 3291 erit
386 3229 470 3290 fletus
490 3236 520 3288 et
541 3229 648 3288 stridor
669 3230 796 3288 dentium
819 3236 847 3290 et
867 3231 946 3294 nulla
967 3232 1146 3304 redemptio·
1173 3231 1230 3290 Hic
1248 3230 1357 3292 diserto
1377 3231 1413 3290 de

237 3337 384 3396 haereticis·
397 3335 520 3408 aliquot,
532 3334 596 3392 aliis
611 3331 755 3400 internum
769 3336 949 3410 negantibus,
970 3336 1036 3394 aliis
1050 3321 1126 3393 hunc
1139 3336 1236 3408 ignem
1251 3339 1411 3394 extenuan-

237 3441 328 3513 tibus,
352 3427 523 3511 quibusdam
546 3439 632 3496 etiarn
654 3441 795 3498 nerninem
817 3427 855 3496 in'
869 3439 1029 3512 gebennam
1051 3441 1166 3512 conjicii
1189 3436 1412 3514 affirmantibus,

238 3546 344 3618 docuit,
368 3546 455 3616 atque
469 3543 571 3600 horum
586 3546 757 3616 argumenta
771 3545 923 3625 proposuit
935 3559 1057 3618 moxque
1073 3539 1298 3602 confutationem
1313 3560 1413 3603 eorum
1517 3553 1518 3566 ²

236 3668 273 3710 ex
293 3651 373 3709 libris
401 3647 428 3708 d.
451 3629 566 3706 Aurelii¹
583 3643 739 3720 Augustini
762 3648 895 3723 adduxit,
919 3648 977 3708 lios
998 3649 1114 3708 ultimos
1127 3647 1338 3744 ‘misericordes
1360 3645 1412 3722 up

183 3814 186 3823 Χ
219 3756 339 3830 paliari
359 3755 409 3812 ait.
446 3754 507 3812 Nos
527 3756 623 3812 eutem
642 3753 730 3838 verbo
753 3753 861 3812 domini
882 3751 968 3812 fidem
989 3751 1097 3810 babere
1114 3752 1215 3824 jussit,
1240 3753 1314 3812 certi
1334 3752 1414 3824 quod
1517 3815 1518 3826 ,

179 3921 184 3926 ,
233 3859 320 3918 electi
335 3862 365 3918 in
380 3860 468 3918 vitam
483 3863 632 3932 aeoernam,
651 3857 795 3916 maledicti
811 3862 841 3916 et
854 3857 933 3928 impii
947 3857 979 3914 in
993 3856 1088 3930 ignem
1103 3859 1243 3914 aeternuru
1257 3859 1324 3928 post
1338 3855 1414 3916 banc
1517 3843 1518 3932 i

237 3963 326 4022 vitam
345 3964 507 4034 concessuri
527 3964 597 4020 sint:
622 3963 772 4042 consulens
791 3960 880 4034 igitur
900 3965 1090 4040 utmemores
1111 3975 1238 4018 essemus
1259 3959 1414 4020 verborum

237 4067 345 4126 Christi
368 4073 398 4126 et
419 4066 511 4130 Deum
534 4081 682 4126 oraremus
704 4069 737 4122 ut
758 4067 788 4122 in
811 4080 880 4124 vera
902 4066 960 4152 ¹uite
982 4063 1264 4138 palmitesfruotum
1285 4063 1413 4124 ferentes

237 4169 428 4246 efficeremur,
452 4189 488 4230 ue
503 4172 605 4230 harum
620 4171 761 4231 minarum
775 4171 930 4242 participes
945 4166 1098 4248 fieremus·
1184 4150 1188 4167 ’

265 4341 268 4346 ,
327 4276 427 4354 Comes
443 4295 461 4336 a
475 4253 594 4334 Nassaw
610 4278 639 4332 et
652 4272 798 4332 Adrianus
813 4290 831 4330 u
845 4273 965 4342 Zertzcn
980 4278 1085 4348 rogatu
1098 4271 1221 4334 botrum
1236 4279 1412 4348 noseorum,

237 4390 300 4454 quae
316 4391 411 4442 mater·
422 4397 521 4441 eornm
536 4381 592 4437 bue
607 4379 642 4442 de
657 4378 685 4436 vi
701 4381 730 4434 et
745 4377 858 4448 injuriis
875 4377 1152 4436 Volckmariensium‘
1164 4395 1216 4452 per
1231 4379 1332 4438 literas
1347 4395 1414 4438 con·

224 4465 340 4559 'questu
354 4491 430 4558 erat,
445 4484 660 4554 archiepiscopo
675 4479 839 4538 Coloniensi
856 4479 1031 4540 obtulerunt.
1055 4484 1162 4542 Verum
1176 4486 1328 4558 episcopus
1343 4483 1413 4556 ipsis
