<?xml version="1.0" encoding="UTF-8"?>
<!DOCTYPE html PUBLIC "-//W3C//DTD XHTML 1.0 Transitional//EN"
    "http://www.w3.org/TR/xhtml1/DTD/xhtml1-transitional.dtd">
<html xmlns="http://www.w3.org/1999/xhtml" xml:lang="en" lang="en">
 <head>
  <title>
</title>
<meta http-equiv="Content-Type" content="text/html;charset=utf-8" />
  <meta name='ocr-system' content='tesseract 3.04.00' />
  <meta name='ocr-capabilities' content='ocr_page ocr_carea ocr_par ocr_line ocrx_word'/>
</head>
<body>
  <div class='ocr_page' id='page_1' title='image "./desgrafenwolrad02trosgoog_0136.png"; bbox 0 0 3046 5104; ppageno 0'>
   <div class='ocr_carea' id='block_1_1' title="bbox 696 409 758 484">
    <p class='ocr_par' dir='ltr' id='par_1_1' title="bbox 696 409 758 484">
     <span class='ocr_line' id='line_1_1' title="bbox 696 409 758 484; baseline 0 0"><span class='ocrx_word' id='word_1_1' title='bbox 696 409 758 484; x_wconf 71' lang='lat'>125</span> 
     </span>
    </p>
   </div>
   <div class='ocr_carea' id='block_1_2' title="bbox 133 595 1307 1094">
    <p class='ocr_par' dir='ltr' id='par_1_2' title="bbox 133 595 1307 1094">
     <span class='ocr_line' id='line_1_2' title="bbox 144 595 1307 680; baseline 0.007 -25"><span class='ocrx_word' id='word_1_2' title='bbox 144 615 155 624; x_wconf 83' lang='lat'><em>·</em></span> <span class='ocrx_word' id='word_1_3' title='bbox 225 595 345 659; x_wconf 84' lang='lat' dir='ltr'>Obviam</span> <span class='ocrx_word' id='word_1_4' title='bbox 362 613 475 672; x_wconf 84' lang='lat' dir='ltr'>quoqne</span> <span class='ocrx_word' id='word_1_5' title='bbox 488 595 558 656; x_wconf 82' lang='lat' dir='ltr'>iacti</span> <span class='ocrx_word' id='word_1_6' title='bbox 572 611 667 656; x_wconf 90' lang='lat' dir='ltr'>sumus</span> <span class='ocrx_word' id='word_1_7' title='bbox 683 597 711 656; x_wconf 92' lang='lat' dir='ltr'>d.</span> <span class='ocrx_word' id='word_1_8' title='bbox 728 598 862 674; x_wconf 93' lang='lat' dir='ltr'>Philippo</span> <span class='ocrx_word' id='word_1_9' title='bbox 882 598 982 676; x_wconf 83' lang='lat' dir='ltr'>Selde,</span> <span class='ocrx_word' id='word_1_10' title='bbox 1008 607 1158 677; x_wconf 81' lang='lat' dir='ltr'><strong>rogantes,</strong></span> <span class='ocrx_word' id='word_1_11' title='bbox 1178 608 1211 662; x_wconf 93' lang='lat' dir='ltr'>ut</span> <span class='ocrx_word' id='word_1_12' title='bbox 1229 603 1307 680; x_wconf 91' lang='lat' dir='ltr'>apud</span> 
     </span>
     <span class='ocr_line' id='line_1_3' title="bbox 133 699 1306 778; baseline 0.008 -20"><span class='ocrx_word' id='word_1_13' title='bbox 133 699 357 762; x_wconf 67' lang='lat' dir='ltr'>atrebatensem</span> <span class='ocrx_word' id='word_1_14' title='bbox 372 715 426 776; x_wconf 90' lang='lat' dir='ltr'>pre</span> <span class='ocrx_word' id='word_1_15' title='bbox 441 703 523 762; x_wconf 91' lang='lat' dir='ltr'>nobis</span> <span class='ocrx_word' id='word_1_16' title='bbox 538 701 739 776; x_wconf 78' lang='lat' dir='ltr'>intercederet,</span> <span class='ocrx_word' id='word_1_17' title='bbox 763 721 820 777; x_wconf 92' lang='lat' dir='ltr'>qne</span> <span class='ocrx_word' id='word_1_18' title='bbox 834 706 963 778; x_wconf 76' lang='lat' dir='ltr'>pecnnia</span> <span class='ocrx_word' id='word_1_19' title='bbox 979 719 1087 766; x_wconf 87' lang='lat' dir='ltr'>summa</span> <span class='ocrx_word' id='word_1_20' title='bbox 1101 707 1306 767; x_wconf 80' lang='lat' dir='ltr'>diminueretur</span> 
     </span>
     <span class='ocr_line' id='line_1_4' title="bbox 133 803 1306 884; baseline 0.006 -21"><span class='ocrx_word' id='word_1_21' title='bbox 133 820 169 863; x_wconf 89' lang='lat' dir='ltr'>ac</span> <span class='ocrx_word' id='word_1_22' title='bbox 185 806 358 880; x_wconf 73' lang='lat' dir='ltr'>decoreris,</span> <span class='ocrx_word' id='word_1_23' title='bbox 382 823 446 880; x_wconf 79' lang='lat' dir='ltr'>qna</span> <span class='ocrx_word' id='word_1_24' title='bbox 462 806 499 871; x_wconf 89' lang='lat' dir='ltr'>ad</span> <span class='ocrx_word' id='word_1_25' title='bbox 513 806 662 880; x_wconf 78' lang='lat' dir='ltr'>negocium</span> <span class='ocrx_word' id='word_1_26' title='bbox 680 803 775 865; x_wconf 82' lang='lat' dir='ltr'>tacere</span> <span class='ocrx_word' id='word_1_27' title='bbox 797 806 983 884; x_wconf 86' lang='lat' dir='ltr'>videbantur,</span> <span class='ocrx_word' id='word_1_28' title='bbox 1007 825 1070 868; x_wconf 87' lang='lat' dir='ltr'>curn</span> <span class='ocrx_word' id='word_1_29' title='bbox 1090 825 1124 870; x_wconf 94' lang='lat' dir='ltr'>eo</span> <span class='ocrx_word' id='word_1_30' title='bbox 1146 827 1306 870; x_wconf 89' lang='lat' dir='ltr'>sermonem</span> 
     </span>
     <span class='ocr_line' id='line_1_5' title="bbox 135 893 1306 990; baseline 0.006 -23"><span class='ocrx_word' id='word_1_31' title='bbox 135 911 256 968; x_wconf 90' lang='lat' dir='ltr'>contuli.</span> <span class='ocrx_word' id='word_1_32' title='bbox 296 913 325 970; x_wconf 92' lang='lat' dir='ltr'>Is</span> <span class='ocrx_word' id='word_1_33' title='bbox 340 912 512 990; x_wconf 76' lang='lat' dir='ltr'>respondit,</span> <span class='ocrx_word' id='word_1_34' title='bbox 526 927 557 970; x_wconf 90' lang='lat' dir='ltr'>se</span> <span class='ocrx_word' id='word_1_35' title='bbox 577 911 690 984; x_wconf 85' lang='lat' dir='ltr'>quidem</span> <span class='ocrx_word' id='word_1_36' title='bbox 710 912 740 970; x_wconf 92' lang='lat' dir='ltr'>in</span> <span class='ocrx_word' id='word_1_37' title='bbox 760 913 822 972; x_wconf 87' lang='lat' dir='ltr'>aliis</span> <span class='ocrx_word' id='word_1_38' title='bbox 836 912 1022 974; x_wconf 81' lang='lat' dir='ltr'>libentissime</span> <span class='ocrx_word' id='word_1_39' title='bbox 1036 893 1144 972; x_wconf 87' lang='lat' dir='ltr'>morem</span> <span class='ocrx_word' id='word_1_40' title='bbox 1158 931 1306 988; x_wconf 71' lang='lat' dir='ltr'>gessur-um</span> 
     </span>
     <span class='ocr_line' id='line_1_6' title="bbox 134 1013 1304 1094; baseline 0.005 -22"><span class='ocrx_word' id='word_1_41' title='bbox 134 1020 166 1072; x_wconf 88' lang='lat' dir='ltr'>at</span> <span class='ocrx_word' id='word_1_42' title='bbox 185 1015 216 1072; x_wconf 93' lang='lat' dir='ltr'>in</span> <span class='ocrx_word' id='word_1_43' title='bbox 230 1013 288 1074; x_wconf 91' lang='lat' dir='ltr'>hec</span> <span class='ocrx_word' id='word_1_44' title='bbox 307 1015 422 1090; x_wconf 82' lang='lat' dir='ltr'>negotio</span> <span class='ocrx_word' id='word_1_45' title='bbox 437 1017 570 1090; x_wconf 81' lang='lat' dir='ltr'>ipsemet,</span> <span class='ocrx_word' id='word_1_46' title='bbox 596 1016 703 1088; x_wconf 88' lang='lat' dir='ltr'>inquit,</span> <span class='ocrx_word' id='word_1_47' title='bbox 725 1021 775 1076; x_wconf 90' lang='lat' dir='ltr'>ant</span> <span class='ocrx_word' id='word_1_48' title='bbox 793 1033 894 1089; x_wconf 89' lang='lat' dir='ltr'>parurn</span> <span class='ocrx_word' id='word_1_49' title='bbox 915 1024 966 1078; x_wconf 87' lang='lat' dir='ltr'>aut</span> <span class='ocrx_word' id='word_1_50' title='bbox 989 1015 1060 1078; x_wconf 90' lang='lat' dir='ltr'>nihil</span> <span class='ocrx_word' id='word_1_51' title='bbox 1080 1034 1167 1094; x_wconf 82' lang='lat' dir='ltr'>agere</span> <span class='ocrx_word' id='word_1_52' title='bbox 1180 1032 1304 1092; x_wconf 85' lang='lat' dir='ltr'>pessum.</span> 
     </span>
    </p>
   </div>
   <div class='ocr_carea' id='block_1_3' title="bbox 15 1116 1304 1214">
    <p class='ocr_par' dir='ltr' id='par_1_3' title="bbox 15 1116 1304 1214">
     <span class='ocr_line' id='line_1_7' title="bbox 15 1116 1304 1214; baseline 0.005 -40"><span class='ocrx_word' id='word_1_53' title='bbox 15 1195 23 1211; x_wconf 8' lang='grc' dir='ltr'>Ἴ,</span> <span class='ocrx_word' id='word_1_54' title='bbox 133 1116 211 1176; x_wconf 86' lang='lat' dir='ltr'>Nam</span> <span class='ocrx_word' id='word_1_55' title='bbox 230 1118 342 1178; x_wconf 76' lang='lat' dir='ltr'>adiens</span> <span class='ocrx_word' id='word_1_56' title='bbox 366 1137 442 1194; x_wconf 85' lang='lat' dir='ltr'>rum,</span> <span class='ocrx_word' id='word_1_57' title='bbox 464 1135 528 1193; x_wconf 84' lang='lat' dir='ltr'>queo</span> <span class='ocrx_word' id='word_1_58' title='bbox 548 1134 639 1180; x_wconf 85' lang='lat' dir='ltr'>eaesar</span> <span class='ocrx_word' id='word_1_59' title='bbox 659 1124 688 1180; x_wconf 91' lang='lat' dir='ltr'>et</span> <span class='ocrx_word' id='word_1_60' title='bbox 708 1119 907 1182; x_wconf 84' lang='lat' dir='ltr'>Atrebatensis</span> <span class='ocrx_word' id='word_1_61' title='bbox 917 1121 1037 1196; x_wconf 85' lang='lat' dir='ltr'>jubent,</span> <span class='ocrx_word' id='word_1_62' title='bbox 1062 1123 1092 1214; x_wconf 78' lang='lat' dir='ltr'>id</span> <span class='ocrx_word' id='word_1_63' title='bbox 1107 1123 1183 1180; x_wconf 81' lang='lat' dir='ltr'>nihi</span> <span class='ocrx_word' id='word_1_64' title='bbox 1198 1119 1304 1182; x_wconf 85' lang='lat' dir='ltr'>facien·</span> 
     </span>
    </p>
   </div>
   <div class='ocr_carea' id='block_1_4' title="bbox 132 1221 1383 4544">
    <p class='ocr_par' dir='ltr' id='par_1_4' title="bbox 134 1221 1348 1520">
     <span class='ocr_line' id='line_1_8' title="bbox 134 1221 939 1296; baseline 0.005 -16"><span class='ocrx_word' id='word_1_65' title='bbox 134 1221 204 1280; x_wconf 89' lang='lat' dir='ltr'>dnm</span> <span class='ocrx_word' id='word_1_66' title='bbox 219 1227 273 1286; x_wconf 85' lang='lat' dir='ltr'>est.</span> <span class='ocrx_word' id='word_1_67' title='bbox 514 1282 517 1294; x_wconf 86' lang='grc'>,</span> <span class='ocrx_word' id='word_1_68' title='bbox 935 1283 939 1296; x_wconf 82' lang='grc'><em>,</em></span> 
     </span>
     <span class='ocr_line' id='line_1_9' title="bbox 147 1309 1348 1406; baseline 0.002 -20"><span class='ocrx_word' id='word_1_69' title='bbox 147 1315 151 1320; x_wconf 70' lang='grc'>’</span> <span class='ocrx_word' id='word_1_70' title='bbox 225 1324 338 1386; x_wconf 86' lang='lat' dir='ltr'>Eadem</span> <span class='ocrx_word' id='word_1_71' title='bbox 356 1326 467 1388; x_wconf 89' lang='lat' dir='ltr'>litteras</span> <span class='ocrx_word' id='word_1_72' title='bbox 488 1328 516 1387; x_wconf 91' lang='lat' dir='ltr'>d.</span> <span class='ocrx_word' id='word_1_73' title='bbox 536 1329 703 1388; x_wconf 90' lang='lat' dir='ltr'>Melchioris</span> <span class='ocrx_word' id='word_1_74' title='bbox 724 1329 760 1389; x_wconf 89' lang='lat' dir='ltr'>de</span> <span class='ocrx_word' id='word_1_75' title='bbox 781 1329 854 1390; x_wconf 90' lang='lat' dir='ltr'>Ossa</span> <span class='ocrx_word' id='word_1_76' title='bbox 877 1330 962 1390; x_wconf 82' lang='lat' dir='ltr'>Saldo</span> <span class='ocrx_word' id='word_1_77' title='bbox 991 1347 1044 1404; x_wconf 91' lang='lat' dir='ltr'>per</span> <span class='ocrx_word' id='word_1_78' title='bbox 1062 1331 1212 1406; x_wconf 26' lang='lat' dir='ltr'>&#39;Liberium</span> <span class='ocrx_word' id='word_1_79' title='bbox 1229 1331 1303 1390; x_wconf 87' lang='lat' dir='ltr'>misi.</span> <span class='ocrx_word' id='word_1_80' title='bbox 1345 1309 1348 1316; x_wconf 43' lang='lat'>⁵</span> 
     </span>
     <span class='ocr_line' id='line_1_10' title="bbox 134 1430 1229 1520; baseline 0.004 -30"><span class='ocrx_word' id='word_1_81' title='bbox 134 1430 204 1504; x_wconf 83' lang='lat' dir='ltr'>Egit</span> <span class='ocrx_word' id='word_1_82' title='bbox 219 1436 251 1490; x_wconf 89' lang='lat' dir='ltr'>et</span> <span class='ocrx_word' id='word_1_83' title='bbox 265 1431 399 1490; x_wconf 81' lang='lat' dir='ltr'>Liberius</span> <span class='ocrx_word' id='word_1_84' title='bbox 413 1433 504 1490; x_wconf 88' lang='lat' dir='ltr'>multa</span> <span class='ocrx_word' id='word_1_85' title='bbox 518 1448 582 1490; x_wconf 90' lang='lat' dir='ltr'>eum</span> <span class='ocrx_word' id='word_1_86' title='bbox 597 1433 705 1508; x_wconf 89' lang='lat' dir='ltr'>eedem,</span> <span class='ocrx_word' id='word_1_87' title='bbox 722 1433 773 1492; x_wconf 87' lang='lat' dir='ltr'>sed</span> <span class='ocrx_word' id='word_1_88' title='bbox 789 1434 882 1520; x_wconf 77' lang='lat' dir='ltr'>eleum</span> <span class='ocrx_word' id='word_1_89' title='bbox 897 1441 925 1494; x_wconf 90' lang='lat' dir='ltr'>et</span> <span class='ocrx_word' id='word_1_90' title='bbox 944 1450 1033 1508; x_wconf 88' lang='lat' dir='ltr'>opera</span> <span class='ocrx_word' id='word_1_91' title='bbox 1047 1433 1229 1510; x_wconf 87' lang='lat' dir='ltr'>perdebatnr.</span> 
     </span>
    </p>

    <p class='ocr_par' dir='ltr' id='par_1_5' title="bbox 134 1531 1305 1830">
     <span class='ocr_line' id='line_1_11' title="bbox 156 1531 1304 1616; baseline 0.005 -22"><span class='ocrx_word' id='word_1_92' title='bbox 156 1567 163 1573; x_wconf 85' lang='lat'>-</span> <span class='ocrx_word' id='word_1_93' title='bbox 204 1587 206 1595; x_wconf 30' lang='lat' dir='ltr'><em>s</em></span> <span class='ocrx_word' id='word_1_94' title='bbox 225 1531 355 1594; x_wconf 87' lang='lat' dir='ltr'>Vidimus</span> <span class='ocrx_word' id='word_1_95' title='bbox 374 1535 428 1595; x_wconf 88' lang='lat' dir='ltr'>hec</span> <span class='ocrx_word' id='word_1_96' title='bbox 443 1535 489 1594; x_wconf 91' lang='lat' dir='ltr'>die</span> <span class='ocrx_word' id='word_1_97' title='bbox 503 1534 654 1597; x_wconf 80' lang='lat' dir='ltr'>Danielem</span> <span class='ocrx_word' id='word_1_98' title='bbox 670 1537 790 1612; x_wconf 85' lang='lat' dir='ltr'>Stieber,</span> <span class='ocrx_word' id='word_1_99' title='bbox 811 1539 859 1612; x_wconf 84' lang='lat' dir='ltr'>qni</span> <span class='ocrx_word' id='word_1_100' title='bbox 879 1555 942 1598; x_wconf 91' lang='lat' dir='ltr'>cum</span> <span class='ocrx_word' id='word_1_101' title='bbox 956 1538 1149 1598; x_wconf 86' lang='lat' dir='ltr'>Eichstetensi</span> <span class='ocrx_word' id='word_1_102' title='bbox 1170 1541 1304 1616; x_wconf 86' lang='lat' dir='ltr'>episcopo</span> 
     </span>
     <span class='ocr_line' id='line_1_12' title="bbox 134 1639 1305 1722; baseline 0.005 -22"><span class='ocrx_word' id='word_1_103' title='bbox 134 1639 301 1700; x_wconf 80' lang='lat' dir='ltr'>Ratisbonae</span> <span class='ocrx_word' id='word_1_104' title='bbox 316 1645 388 1700; x_wconf 88' lang='lat' dir='ltr'>erat.</span> <span class='ocrx_word' id='word_1_105' title='bbox 427 1640 554 1700; x_wconf 91' lang='lat' dir='ltr'>Pransus</span> <span class='ocrx_word' id='word_1_106' title='bbox 570 1641 715 1702; x_wconf 88' lang='lat' dir='ltr'>nobiscnm</span> <span class='ocrx_word' id='word_1_107' title='bbox 737 1647 781 1702; x_wconf 90' lang='lat' dir='ltr'>est</span> <span class='ocrx_word' id='word_1_108' title='bbox 795 1643 958 1704; x_wconf 88' lang='lat' dir='ltr'>Friderieus</span> <span class='ocrx_word' id='word_1_109' title='bbox 974 1644 1096 1720; x_wconf 64' lang='lat' dir='ltr'>Persen</span> <span class='ocrx_word' id='word_1_110' title='bbox 1119 1642 1198 1722; x_wconf 85' lang='lat' dir='ltr'>huic¹</span> <span class='ocrx_word' id='word_1_111' title='bbox 1208 1645 1305 1718; x_wconf 86' lang='lat' dir='ltr'>aliqua</span> 
     </span>
     <span class='ocr_line' id='line_1_13' title="bbox 134 1739 898 1830; baseline 0.005 -26"><span class='ocrx_word' id='word_1_112' title='bbox 134 1743 212 1818; x_wconf 84' lang='lat' dir='ltr'>patii</span> <span class='ocrx_word' id='word_1_113' title='bbox 227 1743 381 1804; x_wconf 85' lang='lat' dir='ltr'>referenda</span> <span class='ocrx_word' id='word_1_114' title='bbox 395 1747 577 1820; x_wconf 83' lang='lat' dir='ltr'>injunximus.</span> <span class='ocrx_word' id='word_1_115' title='bbox 692 1739 695 1746; x_wconf 83' lang='grc'><strong>’</strong></span> <span class='ocrx_word' id='word_1_116' title='bbox 895 1821 898 1830; x_wconf 69' lang='lat'>,</span> 
     </span>
    </p>

    <p class='ocr_par' dir='ltr' id='par_1_6' title="bbox 134 1835 1383 2330">
     <span class='ocr_line' id='line_1_14' title="bbox 225 1835 1383 1937; baseline 0 -29"><span class='ocrx_word' id='word_1_117' title='bbox 225 1848 310 1914; x_wconf 69' lang='lat' dir='ltr'>Ante,</span> <span class='ocrx_word' id='word_1_118' title='bbox 327 1849 498 1937; x_wconf 84' lang='lat' dir='ltr'>dominicum</span> <span class='ocrx_word' id='word_1_119' title='bbox 517 1835 715 1926; x_wconf 79' lang='lat' dir='ltr'>Augustanunr</span> <span class='ocrx_word' id='word_1_120' title='bbox 738 1869 806 1912; x_wconf 87' lang='lat' dir='ltr'>casu</span> <span class='ocrx_word' id='word_1_121' title='bbox 833 1853 1000 1926; x_wconf 76' lang='lat' dir='ltr'>magistrum</span> <span class='ocrx_word' id='word_1_122' title='bbox 1024 1851 1173 1912; x_wconf 82' lang='lat' dir='ltr'>Glaaerum</span> <span class='ocrx_word' id='word_1_123' title='bbox 1198 1852 1303 1926; x_wconf 85' lang='lat' dir='ltr'>inveni,</span> <span class='ocrx_word' id='word_1_124' title='bbox 1379 1918 1383 1924; x_wconf 38' lang='grc'>,</span> 
     </span>
     <span class='ocr_line' id='line_1_15' title="bbox 135 1945 1303 2030; baseline 0.002 -18"><span class='ocrx_word' id='word_1_125' title='bbox 135 1954 185 2028; x_wconf 88' lang='lat' dir='ltr'>qni</span> <span class='ocrx_word' id='word_1_126' title='bbox 198 1953 245 2014; x_wconf 93' lang='lat' dir='ltr'>hic</span> <span class='ocrx_word' id='word_1_127' title='bbox 260 1955 336 2014; x_wconf 85' lang='lat' dir='ltr'>vices</span> <span class='ocrx_word' id='word_1_128' title='bbox 350 1955 634 2030; x_wconf 78' lang='lat' dir='ltr'>Hennehergensinm</span> <span class='ocrx_word' id='word_1_129' title='bbox 649 1957 718 2030; x_wconf 78' lang='lat' dir='ltr'>agit.</span> <span class='ocrx_word' id='word_1_130' title='bbox 741 1957 813 2016; x_wconf 87' lang='lat' dir='ltr'>Item</span> <span class='ocrx_word' id='word_1_131' title='bbox 829 1945 858 2014; x_wconf 74' lang='lat' dir='ltr'>d.&#39;</span> <span class='ocrx_word' id='word_1_132' title='bbox 867 1955 1032 2016; x_wconf 85' lang='lat' dir='ltr'>Udalrieum</span> <span class='ocrx_word' id='word_1_133' title='bbox 1042 1953 1222 2016; x_wconf 88' lang='lat' dir='ltr'>Merdteisen</span> <span class='ocrx_word' id='word_1_134' title='bbox 1237 1971 1303 2016; x_wconf 89' lang='lat' dir='ltr'>cen·</span> 
     </span>
     <span class='ocr_line' id='line_1_16' title="bbox 134 2059 1303 2148; baseline -0.001 -30"><span class='ocrx_word' id='word_1_135' title='bbox 134 2059 278 2132; x_wconf 82' lang='lat' dir='ltr'>venimns3</span> <span class='ocrx_word' id='word_1_136' title='bbox 295 2060 332 2119; x_wconf 87' lang='lat' dir='ltr'>ab</span> <span class='ocrx_word' id='word_1_137' title='bbox 347 2077 382 2120; x_wconf 90' lang='lat' dir='ltr'>eo</span> <span class='ocrx_word' id='word_1_138' title='bbox 397 2059 498 2120; x_wconf 89' lang='lat' dir='ltr'>ducem</span> <span class='ocrx_word' id='word_1_139' title='bbox 509 2061 678 2120; x_wconf 86' lang='lat' dir='ltr'>Mauritinm</span> <span class='ocrx_word' id='word_1_140' title='bbox 692 2061 762 2122; x_wconf 91' lang='lat' dir='ltr'>nihil</span> <span class='ocrx_word' id='word_1_141' title='bbox 776 2059 945 2148; x_wconf 51' lang='lat' dir='ltr'>,consularis</span> <span class='ocrx_word' id='word_1_142' title='bbox 961 2059 997 2119; x_wconf 89' lang='lat' dir='ltr'>de</span> <span class='ocrx_word' id='word_1_143' title='bbox 1012 2077 1099 2120; x_wconf 91' lang='lat' dir='ltr'>causa</span> <span class='ocrx_word' id='word_1_144' title='bbox 1113 2066 1212 2122; x_wconf 87' lang='lat' dir='ltr'>nestra</span> <span class='ocrx_word' id='word_1_145' title='bbox 1228 2074 1303 2118; x_wconf 90' lang='lat' dir='ltr'>cem-</span> 
     </span>
     <span class='ocr_line' id='line_1_17' title="bbox 135 2163 1303 2252; baseline -0.001 -30"><span class='ocrx_word' id='word_1_146' title='bbox 135 2165 249 2224; x_wconf 84' lang='lat' dir='ltr'>misisse</span> <span class='ocrx_word' id='word_1_147' title='bbox 269 2165 436 2239; x_wconf 76' lang='lat' dir='ltr'>accepirnns.</span> <span class='ocrx_word' id='word_1_148' title='bbox 475 2163 597 2244; x_wconf 77' lang='lat' dir='ltr'>Insuper</span> <span class='ocrx_word' id='word_1_149' title='bbox 619 2171 648 2229; x_wconf 92' lang='lat' dir='ltr'>et</span> <span class='ocrx_word' id='word_1_150' title='bbox 668 2167 844 2226; x_wconf 86' lang='lat' dir='ltr'>consiliarios</span> <span class='ocrx_word' id='word_1_151' title='bbox 864 2180 970 2242; x_wconf 87' lang='lat' dir='ltr'>paucos</span> <span class='ocrx_word' id='word_1_152' title='bbox 989 2171 1054 2238; x_wconf 88' lang='lat' dir='ltr'>pest</span> <span class='ocrx_word' id='word_1_153' title='bbox 1077 2165 1138 2240; x_wconf 79' lang='lat' dir='ltr'>dies</span> <span class='ocrx_word' id='word_1_154' title='bbox 1156 2165 1222 2224; x_wconf 89' lang='lat' dir='ltr'>hinc</span> <span class='ocrx_word' id='word_1_155' title='bbox 1235 2163 1303 2252; x_wconf 68' lang='lat' dir='ltr'>¹abi·</span> 
     </span>
     <span class='ocr_line' id='line_1_18' title="bbox 134 2247 971 2330; baseline 0 -3"><span class='ocrx_word' id='word_1_156' title='bbox 134 2274 228 2330; x_wconf 90' lang='lat' dir='ltr'>turos.</span> <span class='ocrx_word' id='word_1_157' title='bbox 312 2251 316 2261; x_wconf 49' lang='lat'><strong><em>⁴</em></strong></span> <span class='ocrx_word' id='word_1_158' title='bbox 566 2247 572 2266; x_wconf 51' lang='lat'>⁸</span> <span class='ocrx_word' id='word_1_159' title='bbox 818 2275 820 2282; x_wconf 62' lang='lat'><strong>⁴</strong></span> <span class='ocrx_word' id='word_1_160' title='bbox 969 2283 971 2290; x_wconf 93' lang='lat'>·</span> 
     </span>
    </p>

    <p class='ocr_par' dir='ltr' id='par_1_7' title="bbox 133 2371 1305 2656">
     <span class='ocr_line' id='line_1_19' title="bbox 195 2371 1304 2448; baseline -0.002 -16"><span class='ocrx_word' id='word_1_161' title='bbox 195 2398 198 2406; x_wconf 53' lang='lat'><strong><em>¹</em></strong></span> <span class='ocrx_word' id='word_1_162' title='bbox 225 2373 253 2432; x_wconf 77' lang='lat' dir='ltr'>A</span> <span class='ocrx_word' id='word_1_163' title='bbox 277 2389 359 2433; x_wconf 88' lang='lat' dir='ltr'>coena</span> <span class='ocrx_word' id='word_1_164' title='bbox 373 2371 568 2434; x_wconf 89' lang='lat' dir='ltr'>Marscheleus</span> <span class='ocrx_word' id='word_1_165' title='bbox 593 2374 730 2434; x_wconf 85' lang='lat' dir='ltr'>Luderitz</span> <span class='ocrx_word' id='word_1_166' title='bbox 752 2376 834 2436; x_wconf 91' lang='lat' dir='ltr'>nobis</span> <span class='ocrx_word' id='word_1_167' title='bbox 853 2375 965 2448; x_wconf 89' lang='lat' dir='ltr'>retulit,</span> <span class='ocrx_word' id='word_1_168' title='bbox 990 2373 1183 2434; x_wconf 79' lang='lat' dir='ltr'>marchionem</span> <span class='ocrx_word' id='word_1_169' title='bbox 1196 2371 1304 2445; x_wconf 88' lang='lat' dir='ltr'>pollici·</span> 
     </span>
     <span class='ocr_line' id='line_1_20' title="bbox 133 2453 1305 2554; baseline -0.003 -17"><span class='ocrx_word' id='word_1_170' title='bbox 133 2483 196 2538; x_wconf 88' lang='lat' dir='ltr'>tum</span> <span class='ocrx_word' id='word_1_171' title='bbox 212 2494 288 2552; x_wconf 87' lang='lat' dir='ltr'>esse,</span> <span class='ocrx_word' id='word_1_172' title='bbox 313 2494 343 2537; x_wconf 91' lang='lat' dir='ltr'>se</span> <span class='ocrx_word' id='word_1_173' title='bbox 365 2482 395 2536; x_wconf 91' lang='lat' dir='ltr'>et</span> <span class='ocrx_word' id='word_1_174' title='bbox 410 2478 500 2536; x_wconf 88' lang='lat' dir='ltr'>nostri</span> <span class='ocrx_word' id='word_1_175' title='bbox 515 2481 686 2542; x_wconf 88' lang='lat' dir='ltr'>mentionem</span> <span class='ocrx_word' id='word_1_176' title='bbox 699 2453 785 2554; x_wconf 47' lang='lat' dir='ltr'>&#39;apud</span> <span class='ocrx_word' id='word_1_177' title='bbox 799 2496 934 2540; x_wconf 87' lang='lat' dir='ltr'>caesarem</span> <span class='ocrx_word' id='word_1_178' title='bbox 949 2477 1013 2540; x_wconf 86' lang='lat' dir='ltr'>fieri</span> <span class='ocrx_word' id='word_1_179' title='bbox 1027 2493 1198 2554; x_wconf 80' lang='lat' dir='ltr'>procurasse</span> <span class='ocrx_word' id='word_1_180' title='bbox 1221 2481 1252 2536; x_wconf 88' lang='lat' dir='ltr'>et</span> <span class='ocrx_word' id='word_1_181' title='bbox 1272 2481 1305 2534; x_wconf 90' lang='lat' dir='ltr'>ut</span> 
     </span>
     <span class='ocr_line' id='line_1_21' title="bbox 133 2577 520 2656; baseline 0 -14"><span class='ocrx_word' id='word_1_182' title='bbox 133 2583 211 2644; x_wconf 89' lang='lat' dir='ltr'>idem</span> <span class='ocrx_word' id='word_1_183' title='bbox 225 2581 310 2643; x_wconf 88' lang='lat' dir='ltr'>fieret</span> <span class='ocrx_word' id='word_1_184' title='bbox 319 2577 423 2656; x_wconf 85' lang='lat' dir='ltr'>jubere</span> <span class='ocrx_word' id='word_1_185' title='bbox 438 2583 520 2642; x_wconf 82' lang='lat' dir='ltr'>velle.</span> 
     </span>
    </p>

    <p class='ocr_par' dir='ltr' id='par_1_8' title="bbox 133 2686 1343 2852">
     <span class='ocr_line' id='line_1_22' title="bbox 223 2686 1343 2770; baseline -0.001 -24"><span class='ocrx_word' id='word_1_186' title='bbox 223 2688 343 2748; x_wconf 83' lang='lat' dir='ltr'>Fratres</span> <span class='ocrx_word' id='word_1_187' title='bbox 372 2687 451 2761; x_wconf 89' lang='lat' dir='ltr'>apud</span> <span class='ocrx_word' id='word_1_188' title='bbox 472 2686 640 2747; x_wconf 84' lang='lat' dir='ltr'>Anaxonem</span> <span class='ocrx_word' id='word_1_189' title='bbox 664 2695 694 2748; x_wconf 92' lang='lat' dir='ltr'>et</span> <span class='ocrx_word' id='word_1_190' title='bbox 722 2688 856 2750; x_wconf 78' lang='lat' dir='ltr'>Dareium</span> <span class='ocrx_word' id='word_1_191' title='bbox 879 2690 970 2748; x_wconf 83' lang='lat' dir='ltr'>Harst</span> <span class='ocrx_word' id='word_1_192' title='bbox 996 2704 1097 2764; x_wconf 90' lang='lat' dir='ltr'>parum</span> <span class='ocrx_word' id='word_1_193' title='bbox 1125 2686 1236 2747; x_wconf 89' lang='lat' dir='ltr'>consilii</span> <span class='ocrx_word' id='word_1_194' title='bbox 1259 2688 1302 2746; x_wconf 90' lang='lat' dir='ltr'>in·</span> <span class='ocrx_word' id='word_1_195' title='bbox 1339 2762 1343 2770; x_wconf 69' lang='lat'>‚</span> 
     </span>
     <span class='ocr_line' id='line_1_23' title="bbox 133 2807 558 2852; baseline -0.005 0"><span class='ocrx_word' id='word_1_196' title='bbox 133 2807 253 2852; x_wconf 87' lang='lat' dir='ltr'>venere.</span> <span class='ocrx_word' id='word_1_197' title='bbox 554 2845 558 2850; x_wconf 90' lang='lat'>.</span> 
     </span>
    </p>

    <p class='ocr_par' dir='ltr' id='par_1_9' title="bbox 224 2871 1015 2970">
     <span class='ocr_line' id='line_1_24' title="bbox 224 2871 1015 2970; baseline 0 -16"><span class='ocrx_word' id='word_1_198' title='bbox 224 2895 335 2954; x_wconf 85' lang='lat' dir='ltr'>Eadem</span> <span class='ocrx_word' id='word_1_199' title='bbox 349 2894 387 2953; x_wconf 90' lang='lat' dir='ltr'>ad</span> <span class='ocrx_word' id='word_1_200' title='bbox 400 2895 512 2956; x_wconf 84' lang='lat' dir='ltr'>litteras</span> <span class='ocrx_word' id='word_1_201' title='bbox 526 2871 763 2964; x_wconf 76' lang='lat' dir='ltr'>Monasteriensis</span> <span class='ocrx_word' id='word_1_202' title='bbox 778 2913 946 2970; x_wconf 89' lang='lat' dir='ltr'>responsum</span> <span class='ocrx_word' id='word_1_203' title='bbox 955 2877 1015 2954; x_wconf 80' lang='lat' dir='ltr'>est.</span> 
     </span>
    </p>

    <p class='ocr_par' dir='ltr' id='par_1_10' title="bbox 132 2986 1303 3296">
     <span class='ocr_line' id='line_1_25' title="bbox 225 2986 1303 3075; baseline -0.002 -17"><span class='ocrx_word' id='word_1_204' title='bbox 225 2999 368 3059; x_wconf 89' lang='lat' dir='ltr'>Dicuntur</span> <span class='ocrx_word' id='word_1_205' title='bbox 383 3000 522 3074; x_wconf 86' lang='lat' dir='ltr'>electores</span> <span class='ocrx_word' id='word_1_206' title='bbox 541 3017 575 3060; x_wconf 85' lang='lat' dir='ltr'>ae</span> <span class='ocrx_word' id='word_1_207' title='bbox 594 2986 683 3060; x_wconf 85' lang='lat' dir='ltr'>ceteri</span> <span class='ocrx_word' id='word_1_208' title='bbox 702 3001 846 3075; x_wconf 89' lang='lat' dir='ltr'>principes</span> <span class='ocrx_word' id='word_1_209' title='bbox 865 3000 944 3074; x_wconf 88' lang='lat' dir='ltr'>apud</span> <span class='ocrx_word' id='word_1_210' title='bbox 959 3013 1111 3056; x_wconf 77' lang='lat' dir='ltr'>caesaream</span> <span class='ocrx_word' id='word_1_211' title='bbox 1125 2999 1303 3070; x_wconf 86' lang='lat' dir='ltr'>majestatem</span> 
     </span>
     <span class='ocr_line' id='line_1_26' title="bbox 133 3099 1303 3179; baseline -0.005 -15"><span class='ocrx_word' id='word_1_212' title='bbox 133 3105 283 3179; x_wconf 87' lang='lat' dir='ltr'>institisse,</span> <span class='ocrx_word' id='word_1_213' title='bbox 304 3101 342 3164; x_wconf 85' lang='lat' dir='ltr'>ne</span> <span class='ocrx_word' id='word_1_214' title='bbox 355 3104 514 3179; x_wconf 65' lang='lat' dir='ltr'>comitibus</span> <span class='ocrx_word' id='word_1_215' title='bbox 537 3106 586 3178; x_wconf 90' lang='lat' dir='ltr'>qni</span> <span class='ocrx_word' id='word_1_216' title='bbox 602 3105 693 3164; x_wconf 86' lang='lat' dir='ltr'>eoacti</span> <span class='ocrx_word' id='word_1_217' title='bbox 705 3103 766 3162; x_wconf 88' lang='lat' dir='ltr'>suis</span> <span class='ocrx_word' id='word_1_218' title='bbox 780 3104 954 3178; x_wconf 88' lang='lat' dir='ltr'>principibus</span> <span class='ocrx_word' id='word_1_219' title='bbox 971 3099 1225 3176; x_wconf 80' lang='lat' dir='ltr'>servirefuiss‘ont,</span> <span class='ocrx_word' id='word_1_220' title='bbox 1245 3116 1303 3158; x_wconf 84' lang='lat' dir='ltr'>rno-</span> 
     </span>
     <span class='ocr_line' id='line_1_27' title="bbox 132 3204 1301 3296; baseline -0.006 -28"><span class='ocrx_word' id='word_1_221' title='bbox 132 3209 235 3268; x_wconf 87' lang='lat' dir='ltr'>lestior</span> <span class='ocrx_word' id='word_1_222' title='bbox 249 3209 301 3282; x_wconf 88' lang='lat' dir='ltr'>sit,</span> <span class='ocrx_word' id='word_1_223' title='bbox 324 3223 424 3268; x_wconf 80' lang='lat' dir='ltr'>verum</span> <span class='ocrx_word' id='word_1_224' title='bbox 439 3209 500 3266; x_wconf 87' lang='lat' dir='ltr'>haec</span> <span class='ocrx_word' id='word_1_225' title='bbox 514 3209 616 3282; x_wconf 89' lang='lat' dir='ltr'>petitio</span> <span class='ocrx_word' id='word_1_226' title='bbox 632 3214 682 3268; x_wconf 92' lang='lat' dir='ltr'>aut</span> <span class='ocrx_word' id='word_1_227' title='bbox 696 3213 816 3282; x_wconf 82' lang='lat' dir='ltr'>parvum</span> <span class='ocrx_word' id='word_1_228' title='bbox 836 3215 886 3296; x_wconf 83' lang='lat' dir='ltr'>aut</span> <span class='ocrx_word' id='word_1_229' title='bbox 900 3210 1010 3292; x_wconf 83' lang='lat' dir='ltr'>nnDum</span> <span class='ocrx_word' id='word_1_230' title='bbox 1025 3207 1127 3266; x_wconf 86' lang='lat' dir='ltr'>sortitu</span> <span class='ocrx_word' id='word_1_231' title='bbox 1142 3204 1301 3264; x_wconf 81' lang='lat' dir='ltr'>esttecum.</span> 
     </span>
    </p>

    <p class='ocr_par' dir='ltr' id='par_1_11' title="bbox 132 3309 1304 4544">
     <span class='ocr_line' id='line_1_28' title="bbox 223 3309 1302 3392; baseline -0.003 -22"><span class='ocrx_word' id='word_1_232' title='bbox 223 3330 282 3392; x_wconf 62' lang='grc' dir='ltr'>ψ</span> <span class='ocrx_word' id='word_1_233' title='bbox 295 3312 368 3387; x_wconf 85' lang='lat' dir='ltr'>Moji</span> <span class='ocrx_word' id='word_1_234' title='bbox 381 3314 412 3371; x_wconf 96' lang='lat' dir='ltr'>in</span> <span class='ocrx_word' id='word_1_235' title='bbox 427 3313 489 3371; x_wconf 83' lang='lat' dir='ltr'>aede</span> <span class='ocrx_word' id='word_1_236' title='bbox 504 3313 641 3372; x_wconf 89' lang='lat' dir='ltr'>Mauritie</span> <span class='ocrx_word' id='word_1_237' title='bbox 663 3327 746 3376; x_wconf 79' lang='lat' dir='ltr'>sacra</span> <span class='ocrx_word' id='word_1_238' title='bbox 766 3313 962 3388; x_wconf 77' lang='lat' dir='ltr'>Wolffgangus</span> <span class='ocrx_word' id='word_1_239' title='bbox 984 3313 1132 3372; x_wconf 87' lang='lat' dir='ltr'>Musonius</span> <span class='ocrx_word' id='word_1_240' title='bbox 1153 3309 1302 3369; x_wconf 86' lang='lat' dir='ltr'>conciona-</span> 
     </span>
     <span class='ocr_line' id='line_1_29' title="bbox 132 3415 1301 3504; baseline -0.005 -26"><span class='ocrx_word' id='word_1_241' title='bbox 132 3415 180 3478; x_wconf 80' lang='lat' dir='ltr'>tus&#39;</span> <span class='ocrx_word' id='word_1_242' title='bbox 196 3424 241 3478; x_wconf 89' lang='lat' dir='ltr'>est</span> <span class='ocrx_word' id='word_1_243' title='bbox 254 3417 484 3504; x_wconf 77' lang='lat' dir='ltr'>pradicationem</span> <span class='ocrx_word' id='word_1_244' title='bbox 500 3434 535 3476; x_wconf 84' lang='lat' dir='ltr'>ex</span> <span class='ocrx_word' id='word_1_245' title='bbox 550 3433 613 3492; x_wconf 89' lang='lat' dir='ltr'>cap.</span> <span class='ocrx_word' id='word_1_246' title='bbox 633 3418 671 3474; x_wconf 89' lang='lat'>15</span> <span class='ocrx_word' id='word_1_247' title='bbox 693 3417 711 3475; x_wconf 88' lang='lat' dir='ltr'>J</span> <span class='ocrx_word' id='word_1_248' title='bbox 713 3419 826 3477; x_wconf 90' lang='lat' dir='ltr'>oannis:</span> <span class='ocrx_word' id='word_1_249' title='bbox 851 3419 989 3480; x_wconf 82' lang='lat' dir='ltr'>»Meneta</span> <span class='ocrx_word' id='word_1_250' title='bbox 1009 3421 1039 3478; x_wconf 94' lang='lat' dir='ltr'>in</span> <span class='ocrx_word' id='word_1_251' title='bbox 1059 3417 1215 3476; x_wconf 87' lang='lat' dir='ltr'>dilectione</span> <span class='ocrx_word' id='word_1_252' title='bbox 1229 3430 1301 3473; x_wconf 86' lang='lat' dir='ltr'>mea.</span> 
     </span>
     <span class='ocr_line' id='line_1_30' title="bbox 133 3507 1303 3597; baseline -0.005 -14"><span class='ocrx_word' id='word_1_253' title='bbox 133 3524 165 3584; x_wconf 86' lang='lat' dir='ltr'>Si</span> <span class='ocrx_word' id='word_1_254' title='bbox 178 3507 325 3597; x_wconf 78' lang='lat' dir='ltr'>praeopta</span> <span class='ocrx_word' id='word_1_255' title='bbox 337 3538 402 3582; x_wconf 86' lang='lat' dir='ltr'>meo</span> <span class='ocrx_word' id='word_1_256' title='bbox 416 3523 607 3596; x_wconf 79' lang='lat' dir='ltr'>servaveritis,</span> <span class='ocrx_word' id='word_1_257' title='bbox 630 3521 782 3580; x_wconf 89' lang='lat' dir='ltr'>manebitis</span> <span class='ocrx_word' id='word_1_258' title='bbox 800 3524 831 3581; x_wconf 91' lang='lat' dir='ltr'>in</span> <span class='ocrx_word' id='word_1_259' title='bbox 851 3524 1002 3586; x_wconf 84' lang='lat' dir='ltr'>dilectione</span> <span class='ocrx_word' id='word_1_260' title='bbox 1022 3539 1095 3595; x_wconf 86' lang='lat' dir='ltr'>mea,</span> <span class='ocrx_word' id='word_1_261' title='bbox 1119 3521 1192 3580; x_wconf 90' lang='lat' dir='ltr'>sicut</span> <span class='ocrx_word' id='word_1_262' title='bbox 1206 3525 1236 3578; x_wconf 92' lang='lat' dir='ltr'>et</span> <span class='ocrx_word' id='word_1_263' title='bbox 1250 3535 1303 3594; x_wconf 80' lang='lat' dir='ltr'>ego</span> 
     </span>
     <span class='ocr_line' id='line_1_31' title="bbox 132 3621 1302 3702; baseline -0.007 -14"><span class='ocrx_word' id='word_1_264' title='bbox 132 3629 225 3702; x_wconf 85' lang='lat' dir='ltr'>patris</span> <span class='ocrx_word' id='word_1_265' title='bbox 240 3628 296 3686; x_wconf 90' lang='lat' dir='ltr'>mei</span> <span class='ocrx_word' id='word_1_266' title='bbox 309 3632 456 3702; x_wconf 87' lang='lat' dir='ltr'>praecepta</span> <span class='ocrx_word' id='word_1_267' title='bbox 472 3621 585 3686; x_wconf 80' lang='lat' dir='ltr'>servavi</span> <span class='ocrx_word' id='word_1_268' title='bbox 600 3632 629 3685; x_wconf 89' lang='lat' dir='ltr'>et</span> <span class='ocrx_word' id='word_1_269' title='bbox 643 3642 746 3686; x_wconf 86' lang='lat' dir='ltr'>manee</span> <span class='ocrx_word' id='word_1_270' title='bbox 760 3627 790 3684; x_wconf 95' lang='lat' dir='ltr'>in</span> <span class='ocrx_word' id='word_1_271' title='bbox 803 3628 872 3700; x_wconf 80' lang='lat' dir='ltr'>&#39;ejus</span> <span class='ocrx_word' id='word_1_272' title='bbox 893 3627 1063 3686; x_wconf 78' lang='lat' dir='ltr'>dilectione«</span> <span class='ocrx_word' id='word_1_273' title='bbox 1084 3631 1137 3684; x_wconf 90' lang='lat' dir='ltr'>etc.</span> <span class='ocrx_word' id='word_1_274' title='bbox 1168 3621 1223 3682; x_wconf 91' lang='lat' dir='ltr'>Hie</span> <span class='ocrx_word' id='word_1_275' title='bbox 1238 3631 1302 3696; x_wconf 81' lang='lat' dir='ltr'>qnae</span> 
     </span>
     <span class='ocr_line' id='line_1_32' title="bbox 132 3727 1304 3808; baseline -0.009 -14"><span class='ocrx_word' id='word_1_276' title='bbox 132 3735 196 3794; x_wconf 90' lang='lat' dir='ltr'>heri</span> <span class='ocrx_word' id='word_1_277' title='bbox 219 3732 355 3792; x_wconf 85' lang='lat' dir='ltr'>docuerat</span> <span class='ocrx_word' id='word_1_278' title='bbox 370 3748 423 3808; x_wconf 90' lang='lat' dir='ltr'>per</span> <span class='ocrx_word' id='word_1_279' title='bbox 439 3733 581 3808; x_wconf 82' lang='lat' dir='ltr'>epilogum</span> <span class='ocrx_word' id='word_1_280' title='bbox 597 3732 750 3790; x_wconf 89' lang='lat' dir='ltr'>recensuit.</span> <span class='ocrx_word' id='word_1_281' title='bbox 781 3729 894 3790; x_wconf 89' lang='lat' dir='ltr'>Deinde</span> <span class='ocrx_word' id='word_1_282' title='bbox 913 3733 967 3790; x_wconf 90' lang='lat' dir='ltr'>ait:</span> <span class='ocrx_word' id='word_1_283' title='bbox 991 3729 1130 3802; x_wconf 82' lang='lat' dir='ltr'>Audistis,</span> <span class='ocrx_word' id='word_1_284' title='bbox 1151 3727 1246 3800; x_wconf 74' lang='lat' dir='ltr'>puahs</span> <span class='ocrx_word' id='word_1_285' title='bbox 1267 3727 1304 3785; x_wconf 88' lang='lat' dir='ltr'>sit</span> 
     </span>
     <span class='ocr_line' id='line_1_33' title="bbox 133 3833 1304 3912; baseline -0.009 -14"><span class='ocrx_word' id='word_1_286' title='bbox 133 3838 249 3898; x_wconf 90' lang='lat' dir='ltr'>dileetio</span> <span class='ocrx_word' id='word_1_287' title='bbox 264 3837 356 3912; x_wconf 81' lang='lat' dir='ltr'>patris</span> <span class='ocrx_word' id='word_1_288' title='bbox 371 3853 441 3910; x_wconf 82' lang='lat' dir='ltr'>erga</span> <span class='ocrx_word' id='word_1_289' title='bbox 454 3835 528 3898; x_wconf 84' lang='lat' dir='ltr'>filies</span> <span class='ocrx_word' id='word_1_290' title='bbox 545 3835 574 3896; x_wconf 83' lang='lat' dir='ltr'>e&#39;t</span> <span class='ocrx_word' id='word_1_291' title='bbox 593 3838 716 3896; x_wconf 80' lang='lat' dir='ltr'>maxime</span> <span class='ocrx_word' id='word_1_292' title='bbox 733 3836 824 3910; x_wconf 80' lang='lat' dir='ltr'>patris</span> <span class='ocrx_word' id='word_1_293' title='bbox 844 3835 930 3909; x_wconf 85' lang='lat' dir='ltr'>illius,</span> <span class='ocrx_word' id='word_1_294' title='bbox 954 3835 1004 3907; x_wconf 88' lang='lat' dir='ltr'>qui</span> <span class='ocrx_word' id='word_1_295' title='bbox 1023 3833 1125 3892; x_wconf 88' lang='lat' dir='ltr'>coelum</span> <span class='ocrx_word' id='word_1_296' title='bbox 1146 3836 1176 3890; x_wconf 93' lang='lat' dir='ltr'>et</span> <span class='ocrx_word' id='word_1_297' title='bbox 1197 3834 1304 3888; x_wconf 82' lang='lat' dir='ltr'>terrani</span> 
     </span>
     <span class='ocr_line' id='line_1_34' title="bbox 132 3929 1303 4016; baseline -0.006 -16"><span class='ocrx_word' id='word_1_298' title='bbox 132 3943 242 4002; x_wconf 86' lang='lat' dir='ltr'>creavit</span> <span class='ocrx_word' id='word_1_299' title='bbox 257 3947 286 4002; x_wconf 91' lang='lat' dir='ltr'>et</span> <span class='ocrx_word' id='word_1_300' title='bbox 301 3929 396 4002; x_wconf 87' lang='lat' dir='ltr'>emnia</span> <span class='ocrx_word' id='word_1_301' title='bbox 411 3955 446 4001; x_wconf 82' lang='lat' dir='ltr'>ex</span> <span class='ocrx_word' id='word_1_302' title='bbox 460 3943 570 4016; x_wconf 89' lang='lat' dir='ltr'>seipso</span> <span class='ocrx_word' id='word_1_303' title='bbox 585 3939 664 4000; x_wconf 87' lang='lat' dir='ltr'>fovet</span> <span class='ocrx_word' id='word_1_304' title='bbox 685 3945 738 3998; x_wconf 90' lang='lat' dir='ltr'>etc.</span> <span class='ocrx_word' id='word_1_305' title='bbox 776 3939 894 4000; x_wconf 86' lang='lat' dir='ltr'>Manete</span> <span class='ocrx_word' id='word_1_306' title='bbox 913 3941 947 4006; x_wconf 91' lang='lat' dir='ltr'>in</span> <span class='ocrx_word' id='word_1_307' title='bbox 965 3937 1115 3998; x_wconf 88' lang='lat' dir='ltr'>dilectione</span> <span class='ocrx_word' id='word_1_308' title='bbox 1134 3929 1206 3994; x_wconf 89' lang='lat' dir='ltr'>mea.</span> <span class='ocrx_word' id='word_1_309' title='bbox 1246 3933 1303 3994; x_wconf 86' lang='lat' dir='ltr'>Sed</span> 
     </span>
     <span class='ocr_line' id='line_1_35' title="bbox 132 4038 1302 4120; baseline -0.01 -13"><span class='ocrx_word' id='word_1_310' title='bbox 132 4048 196 4120; x_wconf 85' lang='lat' dir='ltr'>quis</span> <span class='ocrx_word' id='word_1_311' title='bbox 211 4047 322 4120; x_wconf 85' lang='lat' dir='ltr'>inquies</span> <span class='ocrx_word' id='word_1_312' title='bbox 337 4045 383 4104; x_wconf 95' lang='lat' dir='ltr'>hic</span> <span class='ocrx_word' id='word_1_313' title='bbox 397 4043 529 4105; x_wconf 79' lang='lat' dir='ltr'>fructus?</span> <span class='ocrx_word' id='word_1_314' title='bbox 573 4045 715 4103; x_wconf 87' lang='lat' dir='ltr'>Nimirum</span> <span class='ocrx_word' id='word_1_315' title='bbox 736 4045 770 4118; x_wconf 92' lang='lat' dir='ltr'>is,</span> <span class='ocrx_word' id='word_1_316' title='bbox 795 4043 871 4116; x_wconf 89' lang='lat' dir='ltr'>qnod</span> <span class='ocrx_word' id='word_1_317' title='bbox 891 4049 974 4117; x_wconf 89' lang='lat' dir='ltr'>pater</span> <span class='ocrx_word' id='word_1_318' title='bbox 989 4045 1029 4102; x_wconf 91' lang='lat' dir='ltr'>sic</span> <span class='ocrx_word' id='word_1_319' title='bbox 1045 4041 1145 4102; x_wconf 84' lang='lat' dir='ltr'>dilexit</span> <span class='ocrx_word' id='word_1_320' title='bbox 1158 4038 1302 4111; x_wconf 87' lang='lat' dir='ltr'>mundum,</span> 
     </span>
     <span class='ocr_line' id='line_1_36' title="bbox 132 4136 1303 4224; baseline -0.008 -15"><span class='ocrx_word' id='word_1_321' title='bbox 132 4156 165 4209; x_wconf 96' lang='lat' dir='ltr'>ut</span> <span class='ocrx_word' id='word_1_322' title='bbox 184 4150 269 4210; x_wconf 86' lang='lat' dir='ltr'>daret</span> <span class='ocrx_word' id='word_1_323' title='bbox 287 4149 376 4209; x_wconf 86' lang='lat' dir='ltr'>filium</span> <span class='ocrx_word' id='word_1_324' title='bbox 399 4167 480 4209; x_wconf 90' lang='lat' dir='ltr'>suum</span> <span class='ocrx_word' id='word_1_325' title='bbox 500 4149 676 4224; x_wconf 79' lang='lat' dir='ltr'>unigenitum</span> <span class='ocrx_word' id='word_1_326' title='bbox 696 4148 727 4204; x_wconf 93' lang='lat' dir='ltr'>in</span> <span class='ocrx_word' id='word_1_327' title='bbox 748 4146 898 4220; x_wconf 90' lang='lat' dir='ltr'>mundum,</span> <span class='ocrx_word' id='word_1_328' title='bbox 922 4136 955 4207; x_wconf 86' lang='lat' dir='ltr'>ut</span> <span class='ocrx_word' id='word_1_329' title='bbox 976 4149 1067 4208; x_wconf 89' lang='lat' dir='ltr'>omnis</span> <span class='ocrx_word' id='word_1_330' title='bbox 1087 4146 1139 4220; x_wconf 88' lang='lat' dir='ltr'>qui</span> <span class='ocrx_word' id='word_1_331' title='bbox 1159 4144 1251 4203; x_wconf 89' lang='lat' dir='ltr'>credit</span> <span class='ocrx_word' id='word_1_332' title='bbox 1273 4142 1303 4200; x_wconf 95' lang='lat' dir='ltr'>iu</span> 
     </span>
     <span class='ocr_line' id='line_1_37' title="bbox 133 4237 1304 4341; baseline -0.007 -27"><span class='ocrx_word' id='word_1_333' title='bbox 133 4271 198 4314; x_wconf 90' lang='lat' dir='ltr'>eum</span> <span class='ocrx_word' id='word_1_334' title='bbox 213 4271 273 4317; x_wconf 88' lang='lat' dir='ltr'>nen</span> <span class='ocrx_word' id='word_1_335' title='bbox 285 4258 396 4329; x_wconf 89' lang='lat' dir='ltr'>pereat,</span> <span class='ocrx_word' id='word_1_336' title='bbox 405 4255 457 4313; x_wconf 91' lang='lat' dir='ltr'>sed</span> <span class='ocrx_word' id='word_1_337' title='bbox 469 4254 575 4315; x_wconf 88' lang='lat' dir='ltr'>habeat</span> <span class='ocrx_word' id='word_1_338' title='bbox 588 4253 676 4311; x_wconf 84' lang='lat' dir='ltr'>vitam</span> <span class='ocrx_word' id='word_1_339' title='bbox 691 4255 829 4341; x_wconf 63' lang='lat' dir='ltr'>aeternam</span> <span class='ocrx_word' id='word_1_340' title='bbox 844 4255 897 4310; x_wconf 89' lang='lat' dir='ltr'>eto.</span> <span class='ocrx_word' id='word_1_341' title='bbox 928 4237 1000 4312; x_wconf 79' lang='lat' dir='ltr'>item</span> <span class='ocrx_word' id='word_1_342' title='bbox 1009 4252 1154 4312; x_wconf 83' lang='lat' dir='ltr'>Christum</span> <span class='ocrx_word' id='word_1_343' title='bbox 1167 4249 1304 4325; x_wconf 83' lang='lat' dir='ltr'>optimum</span> 
     </span>
     <span class='ocr_line' id='line_1_38' title="bbox 132 4353 1303 4442; baseline -0.007 -24"><span class='ocrx_word' id='word_1_344' title='bbox 132 4366 340 4436; x_wconf 61' lang='lat' dir='ltr'>preceptorem</span> <span class='ocrx_word' id='word_1_345' title='bbox 354 4356 442 4442; x_wconf 85' lang='lat' dir='ltr'>fuisse</span> <span class='ocrx_word' id='word_1_346' title='bbox 458 4359 555 4418; x_wconf 93' lang='lat' dir='ltr'>docuit</span> <span class='ocrx_word' id='word_1_347' title='bbox 568 4359 668 4431; x_wconf 88' lang='lat' dir='ltr'>utique</span> <span class='ocrx_word' id='word_1_348' title='bbox 684 4357 741 4430; x_wconf 90' lang='lat' dir='ltr'>qui,</span> <span class='ocrx_word' id='word_1_349' title='bbox 757 4356 835 4428; x_wconf 90' lang='lat' dir='ltr'>qnod</span> <span class='ocrx_word' id='word_1_350' title='bbox 849 4356 937 4416; x_wconf 90' lang='lat' dir='ltr'>verbo</span> <span class='ocrx_word' id='word_1_351' title='bbox 959 4357 1097 4428; x_wconf 88' lang='lat' dir='ltr'>decuerit,</span> <span class='ocrx_word' id='word_1_352' title='bbox 1118 4353 1147 4412; x_wconf 94' lang='lat' dir='ltr'>id</span> <span class='ocrx_word' id='word_1_353' title='bbox 1168 4360 1197 4413; x_wconf 89' lang='lat' dir='ltr'>et</span> <span class='ocrx_word' id='word_1_354' title='bbox 1217 4368 1303 4424; x_wconf 88' lang='lat' dir='ltr'>opere</span> 
     </span>
     <span class='ocr_line' id='line_1_39' title="bbox 132 4457 1302 4544; baseline -0.009 -20"><span class='ocrx_word' id='word_1_355' title='bbox 132 4481 247 4544; x_wconf 80' lang='lat' dir='ltr'>queque</span> <span class='ocrx_word' id='word_1_356' title='bbox 268 4464 441 4536; x_wconf 84' lang='lat' dir='ltr'>impleverit,</span> <span class='ocrx_word' id='word_1_357' title='bbox 464 4469 549 4536; x_wconf 83' lang='lat' dir='ltr'>atque</span> <span class='ocrx_word' id='word_1_358' title='bbox 565 4463 625 4536; x_wconf 90' lang='lat' dir='ltr'>hoe</span> <span class='ocrx_word' id='word_1_359' title='bbox 643 4459 820 4536; x_wconf 71' lang='lat' dir='ltr'>archetypon</span> <span class='ocrx_word' id='word_1_360' title='bbox 840 4459 1039 4534; x_wconf 82' lang='lat' dir='ltr'>magistratum</span> <span class='ocrx_word' id='word_1_361' title='bbox 1060 4461 1167 4522; x_wconf 88' lang='lat' dir='ltr'>imitari</span> <span class='ocrx_word' id='word_1_362' title='bbox 1187 4457 1302 4531; x_wconf 89' lang='lat' dir='ltr'>debere,</span> 
     </span>
    </p>
   </div>
   <div class='ocr_carea' id='block_1_5' title="bbox 0 0 1528 5104">
    <p class='ocr_par' dir='ltr' id='par_1_12' title="bbox 0 0 1528 5104">
     <span class='ocr_line' id='line_1_40' title="bbox 0 0 1528 5104; baseline 0 0"><span class='ocrx_word' id='word_1_363' title='bbox 0 0 1528 5104; x_wconf 95' lang='lat' dir='ltr'> </span> 
     </span>
    </p>
   </div>
  </div>
 </body>
</html>
