3020 5112
714 453 777 520 187

155 643 268 712 quanta
283 637 433 712 diligentia
447 640 562 695 sanctus
582 637 628 694 hic
644 637 794 724 apostolus
812 651 911 696 omnes
930 636 1058 696 homines
1077 637 1191 700 Christo
1210 637 1326 702 lucriie¹

155 759 222 803 ecre
238 749 269 802 et
282 741 321 802 ed
334 743 428 802 Deum
448 741 592 802 adducere
613 742 643 799 in
662 740 717 800 hae
737 741 859 814 epistola
880 749 999 801 conatus
1019 745 1069 816 sit,
1094 746 1226 805 nimirum
1247 747 1326 821 quod

154 849 277 922 singulis
300 863 364 920 quar
387 847 508 919 quisque
531 843 641 904 iaceret
664 846 886 920 praescripserit,
910 848 1008 920 pueris
1034 849 1154 923 scilicet,
1180 857 1324 924 provectae

154 953 256 1011 aetatis
265 951 426 1010 hominibus
446 955 476 1008 et
494 949 731 1010 adolescentibus.
763 951 847 1008 Nunc
866 957 961 1011 autem
976 965 1009 1012 oo
1016 967 1157 1011 inmunem
1176 955 1326 1015 ecclesiam

155 1057 313 1129 alloquitur
327 1055 483 1114 admonens
499 1069 535 1112 ne
549 1054 647 1113 mundi
662 1054 798 1113 illicebris
818 1071 848 1113 se
869 1056 978 1116 irrethi
998 1059 1165 1130 permittant
1184 1059 1324 1132 simulque

154 1159 312 1220 ostendens
332 1175 417 1233 quam
436 1157 544 1218 nubam
563 1159 677 1232 quidem
697 1163 811 1218 aetaoem
831 1159 966 1234 superbia
986 1161 1095 1220 deceat.
1126 1161 1170 1221 Ac
1190 1164 1237 1222 hic
1255 1179 1323 1224 con·

155 1265 287 1324 cionator
301 1265 515 1338 aggressionem
529 1261 598 1322 fecit
612 1280 664 1338 per
679 1265 805 1338 singulos
821 1268 923 1338 status,
940 1266 1069 1339 allegans
1090 1267 1170 1326 illud
1181 1268 1209 1326 d.
1229 1267 1324 1327 Petri:

154 1369 235 1429 Deus
251 1369 381 1442 superbis
397 1369 519 1441 resistit,
535 1367 689 1427 humilibus
704 1373 799 1426 autem
816 1369 867 1427 dat
881 1371 1018 1444 gratiam,
1044 1371 1121 1444 quod
1135 1373 1197 1434 hoec
1211 1373 1270 1432 rita
1285 1371 1327 1431 nil

155 1475 211 1532 nisi
226 1489 319 1548 uapor
333 1460 470 1533 etiamne
486 1471 601 1545 quidem
616 1474 662 1531 sit.
686 1473 781 1537 Probe
796 1489 832 1531 ex
847 1475 990 1547 scripture
1000 1473 1325 1549 fragilitatemhumanae

150 1577 329 1638 conditionis
351 1577 516 1651 depingens.
553 1577 626 1635 Item
647 1572 862 1650 quamienibus
882 1577 1026 1638 derebus
1048 1595 1080 1639 se
1099 1582 1218 1654 quisque
1240 1581 1324 1641 alteri

154 1680 295 1756 praeferre
310 1679 412 1755 solent,
429 1680 547 1752 siquod
563 1680 667 1739 donum
683 1697 744 1753 pree
759 1681 861 1740 ceteris
875 1683 1043 1742 mortalibus
1059 1683 1146 1743 aDeo
1156 1689 1324 1745 consecutus

153 1787 200 1845 sit.
224 1768 334 1845 lubens
349 1785 463 1846 tandem
478 1791 511 1844 ut
527 1785 656 1858 exemplo
668 1785 797 1857 junonia
812 1786 882 1860 avis,
899 1803 962 1859 quoe
979 1787 1046 1845 dum
1057 1787 1237 1848 decoloratus
1251 1807 1322 1864 pen·

154 1907 208 1950 nas
223 1892 361 1963 intuetur,
378 1889 510 1948 laudatas
526 1887 660 1962 ostendit,
675 1889 866 1948 intumescens
881 1907 915 1950 ao
929 1891 1052 1964 superbe
1067 1891 1213 1966 incedens,
1230 1893 1321 1952 nodo·

153 2010 202 2054 sos
216 2011 286 2054 nero
302 1995 405 2068 pedum
421 2009 537 2052 suorum
556 1993 705 2064 articulos,
729 1995 778 2066 qui
797 1995 880 2068 lepra
900 1995 1045 2069 conspersi
1065 1995 1211 2070 dicumm,
1231 1999 1323 2057 consi·

154 2099 260 2161 derans
275 2099 394 2159 caudam
409 2099 533 2158 demittit
548 2105 577 2158 et
591 2099 695 2156 misere
709 2099 842 2157 eiciatur.
874 2099 922 2159 Sic
937 2106 966 2158 et
981 2115 1033 2157 nos
1048 2101 1073 2157 si
1087 2099 1133 2158 vel
1148 2100 1259 2174 opibus,
1275 2102 1322 2162 rel

154 2205 275 2263 scientia
286 2209 319 2263 ‘et
333 2193 446 2278 si‘quid
457 2204 542 2275 hujus
556 2197 658 2278 farinae
673 2201 759 2262 rebus
774 2205 941 2264 tumidiores
954 2204 1118 2278 reddamur,
1135 2205 1259 2266 aninum
1274 2221 1320 2264 re-

153 2309 281 2368 colentes
297 2287 466 2382 cogitemus,
484 2295 949 2392 quodpulvisetumb1·asumus.
980 2309 1088 2382 Hodie,
1109 2309 1215 2382 inquit,
1237 2309 1322 2370 homo

153 2415 210 2474 sibi
221 2415 278 2486 ipsi
288 2413 379 2472 bellus
394 2418 424 2472 et
433 2428 552 2486 magnus
564 2412 687 2486 ridetur,
700 2429 763 2470 cras
777 2413 851 2472 forte
863 2421 1007 2488 agrotans
1019 2415 1066 2474 vel
1076 2414 1131 2472 hac
1142 2415 1206 2488 ipsa
1219 2415 1265 2474 die
1277 2415 1324 2474 r‘el

153 2515 293 2592 perendie
308 2524 387 2578 terra
401 2517 542 2577 conditur.
566 2516 673 2575 Docuit
687 2533 801 2590 quoque
817 2521 912 2577 omnia
922 2518 1028 2578 Christi
1042 2535 1111 2592 ergo
1126 2519 1324 2593 posthabenda

155 2639 228 2696 esse,
245 2623 350 2682 liberos
366 2637 479 2695 quoque
493 2627 523 2680 et
538 2620 654 2679 charam
669 2621 827 2695 conjugem,
843 2623 867 2680 si
883 2622 989 2682 Christi
1003 2623 1096 2692 honor
1110 2626 1216 2696 exigat,
1233 2625 1323 2698 negli-

155 2726 264 2800 gendos
280 2743 313 2784 ao
324 2727 408 2800 juxta
421 2727 450 2785 d.
467 2725 550 2784 Pauli
566 2727 748 2784 sententiam:
772 2725 825 2796 Qui
839 2725 947 2785 habent
965 2743 1084 2801 uxores,
1106 2729 1164 2786 siut
1185 2735 1322 2802 anquam
1366 2775 1368 2780 .

155 2847 213 2890 non
228 2829 377 2890 habentes.
408 2830 457 2887 Ait
472 2835 568 2888 autem
583 2845 640 2888 non
654 2827 815 2903 prohiberi,
837 2814 983 2903 possidere
1004 2833 1049 2890 vel
1068 2832 1176 2892 habere
1197 2827 1320 2907 divitias,

154 2936 239 2995 modo
255 2936 329 2995 datis
344 2941 422 2995 reete
441 2935 531 2994 utaris
552 2939 582 2993 et
600 2935 796 2994 Abrahamum
815 2949 876 3008 prae
899 2935 986 2992 oculis
1005 2937 1112 2996 habeas
1135 2942 1165 2995 et
1184 2955 1200 2996 e
1220 2931 1322 2997 contra

155 3039 272 3098 divitem
285 3041 365 3098 illum
380 3041 530 3112 epulonem
546 3039 747 3112 euangelicum.
781 3037 896 3112 Adjecit
911 3053 1024 3112 quoque
1038 3041 1180 3101 neminem
1194 3055 1278 3114 posse
1293 3046 1323 3099 et

155 3143 272 3204 Decet
298 3143 469 3202 Mammonae
492 3145 608 3202 seruire.
647 3144 873 3216 Benignissimus
898 3147 983 3216 pater
1006 3145 1130 3203 coelestis
1156 3160 1209 3218 per
1233 3137 1321 3203 lilium

149 3257 243 3306 sunm*
252 3247 477 3322 dilectissimum,
493 3254 526 3307 ut
540 3247 638 3307 habita
651 3250 765 3308 ratione
780 3247 945 3321 fragilitatis
960 3254 1067 3308 nostrae
1081 3251 1174 3324 ipsum
1186 3250 1277 3308 solum
1292 3255 1322 3309 et

148 3365 239 3426 ’quem
253 3353 330 3410 misit
344 3353 374 3410 in
388 3351 494 3410 bonum
509 3353 600 3410 nostri
616 3353 715 3412 lesum
732 3353 875 3411 Christum
896 3371 992 3413 amare
1013 3333 1042 3413 et
1064 3355 1094 3412 in
1113 3353 1272 3413 humilitate
1292 3361 1322 3414 et

154 3457 295 3530 patientia
316 3460 415 3515 sancta
436 3457 546 3515 animos
567 3464 681 3516 nostros
703 3449 865 3534 possidere,
889 3459 1044 3533 adJumnte
1064 3475 1117 3518 nos
1140 3461 1244 3534 spiritu
1268 3475 1320 3520 suo

151 3567 253 3620 sancto
268 3559 425 3632 valeamus,
442 3561 541 3634 largiri
557 3546 700 3635 dignetm.
724 3564 825 3622 Amen.

237 3663 428 3724 Plebiscitum
437 3665 619 3726 bohemicum
635 3673 679 3726 est
693 3669 789 3741 utqui
806 3687 824 3728 a
844 3668 1000 3728 baronibus
1021 3668 1234 3740 quatuordecim
1252 3667 1320 3726 latae

154 3769 306 3829 sententiae
322 3770 556 3843 contradicat,·et
569 3772 677 3830 honore
693 3779 722 3831 et
737 3788 857 3846 corpore
872 3773 1059 3844 periclitetur.
1090 3771 1163 3830 item
1177 3772 1263 3830 moris
1277 3761 1322 3831 est

153 3874 185 3931 in
203 3873 355 3948 Bohemia,
379 3880 411 3932 ut
431 3875 592 3947 ubicunque
613 3876 734 3934 dominis
755 3877 872 3935 libuerit
894 3876 987 3934 coloni
1011 3879 1128 3947 accepta
1149 3876 1271 3949 pecunia
1292 3881 1322 3936 et

153 3963 238 4052 agris
248 3981 277 4036 et
291 3971 374 4037 domo
390 3979 492 4038 cedere
507 3979 655 4052 cogantur.
1241 3980 1244 3986 '

244 4083 363 4142 Liborio
378 4084 538 4156 inJunctum
552 4088 586 4140 ut
599 4083 819 4143 Atrebatensem
833 4085 1005 4155 alloquatur.
1036 4083 1132 4156 Ipsum
1145 4085 1233 4159 igitur
1252 4101 1319 4144 eon-

154 4187 273 4246 veniens
288 4186 391 4246 obnixe
407 4189 588 4262 deprecatur,
605 4189 758 4247 utauxilio'
774 4205 837 4247 csse
852 4190 930 4262 velit,
947 4203 1003 4261 quo
1017 4189 1122 4247 litterae
1134 4188 1321 4248 absolutionis

153 4291 405 4351 conscriberentur
420 4291 502 4370 etad
517 4309 671 4352 cesaream
687 4293 865 4366 majestatem
880 4293 950 4351 mihi
964 4295 1075 4353 veniam
1092 4274 1168 4368 apud
1187 4309 1251 4353 eum
1270 4295 1319 4354 de·

154 4397 292 4470 metandi
309 4403 338 4456 et
352 4397 432 4456 locus
448 4403 477 4456 et
491 4401 603 4473 tempus
618 4397 802 4456 indicaretur,
833 4399 931 4458 Primo
950 4399 1040 4473 igitur
1058 4399 1256 4458 Atrebatensis
1273 4411 1319 4458 re-

154 4503 230 4576 nuit,
255 4484 353 4560 dicens
375 4502 417 4562 illi
436 4502 521 4563 modo
542 4502 579 4563 ad
602 4498 764 4576 hujusmodi
784 4519 843 4564 non
857 4481 927 4564 lesse
948 4496 1049 4564 ocium,
1081 4503 1118 4563 At
1132 4503 1236 4562 Florus
1250 4503 1321 4563 nibil
