3020 5112
680 427 739 492 ist

113 624 242 682 quarum
257 624 315 666 unc
329 605 475 682 prndehnt
490 612 603 676 centum
618 613 648 668 et
662 607 782 683 triginta
796 623 916 683 aurcos,
940 609 1034 671 ultera
1049 619 1201 676 coronstos
1215 616 1295 676 octo·

113 715 197 787 ginta
213 718 341 786 quatuor
357 719 386 772 et
401 713 584 773 semunciunn.
616 711 691 770 Nam
711 713 846 787 pecunie,
870 729 934 787 que
955 731 971 774 e
992 717 1175 792 Norinbcrga
1195 721 1293 780 neuim

114 818 257 891 debehat,
279 817 408 886 noudum
428 818 517 876 allata
539 823 611 876 eret.
633 817 688 883 ¹Et
701 817 777 876 ultra
796 818 844 876 hic
866 824 995 892 sumptus
1017 818 1113 882 iacere
1132 823 1234 899 multas
1254 817 1294 884 oh

114 937 219 982 causas
236 922 448 982 incommodum
464 928 537 980 crat.
727 925 730 1000 J

206 1025 235 1084 A
257 1027 380 1100 prandio
402 1027 533 1085 comitem
556 1025 739 1086 Wilhelmum
767 1025 865 1100 invisi,
894 1028 990 1088 omnis
1018 1033 1048 1086 et
1071 1034 1103 1088 ut
1126 1027 1295 1090 ecciderunt·

115 1147 151 1188 ex
171 1130 277 1190 ordine
297 1130 426 1190 reserens
449 1137 479 1190 et
502 1145 589 1203 super
611 1131 676 1190 aliis
700 1130 762 1214 eins
786 1129 936 1188 consilium
958 1131 1054 1190 audivi
1077 1133 1226 1205 obtuliqnc
1249 1135 1291 1192 illi

115 1251 232 1308 equum

204 1339 318 1398 Deinde
332 1338 487 1411 hospitium
502 1339 634 1398 electoris
648 1340 822 1400 marchionis
837 1340 980 1399 transiens
991 1341 1289 1414 opportunemarchio

114 1443 240 1516 primm
255 1460 272 1501 e
287 1443 372 1502 domo
388 1445 535 1504 senatoris
549 1450 699 1504 revertens
715 1444 792 1502 cedes
808 1445 906 1504 intrat.
931 1445 1104 1506 Subsecutus
1118 1446 1216 1518 itaque
1231 1447 1289 1504 Lu·

115 1549 252 1608 deritium
267 1550 387 1607 conveni
404 1530 434 1606 et
447 1552 480 1606 ut
494 1550 651 1608 marchioni
671 1565 735 1606 meo
756 1549 870 1608 nomine
890 1551 998 1622 gratim
1019 1555 1134 1623 ageret,
1155 1551 1215 1610 sive
1235 1567 1288 1624 pro

112 1669 160 1711 me
175 1654 387 1717 intercessisset
401 1654 459 1712 sive
474 1671 542 1712 nou.
572 1654 648 1716 Nam
660 1655 721 1727 jam
735 1654 807 1712 nihil
821 1656 884 1727 spei
898 1651 934 1714 de
949 1669 984 1712 es
999 1671 1031 1712 re
1046 1654 1199 1726 reliquum.
1230 1656 1287 1716 Ve-

112 1775 179 1816 rum
193 1773 232 1816 uc
248 1763 419 1830 mutuetur
434 1775 452 1816 c
466 1757 630 1816 marchione
646 1757 770 1829 discere,
792 1759 817 1816 si
838 1759 1033 1818 intercesserit
1052 1774 1090 1816 an
1109 1774 1205 1832 secus,
1230 1775 1287 1831 quo

112 1861 250 1920 haberem
267 1862 345 1936 qnod
360 1861 534 1935 principibus
550 1869 579 1922 et
593 1861 743 1943 comitibus
760 1862 796 1934 de
811 1859 986 1934 chneberg
1001 1861 1040 1920 ad
1058 1862 1166 1934 scripte
1187 1878 1287 1920 corum

112 1966 291 2040 respondere
306 1983 439 2040 possem..
459 1967 609 2026 Allocctus
625 1983 687 2025 sum
701 1981 816 2038 quoquc
835 1965 1140 2039 frisengensem
1159 1966 1285 2026 Atreba-

112 2073 204 2130 tensis
218 2087 325 2144 rogans
339 2074 415 2136 inter
430 2077 536 2144 cetera,
553 2077 586 2130 ut
600 2071 705 2130 iratres
719 2085 799 2128 meos
814 2070 1024 2130 commendatos
1039 2069 1115 2142 apud
1130 2075 1241 2143 petrem
1256 2075 1287 2130 et

4 2175 8 2182 '
112 2174 235 2236 fratrem
251 2193 333 2236 suum
348 2178 501 2250 presulem
515 2177 644 2242 heberet.

204 2281 314 2340 Eadem
330 2281 461 2354 quidam,
485 2281 563 2353 quod
577 2282 716 2340 incestum
739 2299 803 2340 cum
827 2296 964 2364 germano
986 2295 1087 2340 sorore
1107 2279 1205 2338 uxoris
1224 2294 1286 2338 ruse

115 2385 299 2457 commiserit,
315 2401 368 2458 pro
383 2384 446 2444 iorc
463 2390 492 2442 et
506 2385 594 2458 uirgis
609 2401 700 2445 caesus
715 2394 744 2448 et
759 2388 874 2446 ciuitate
887 2384 1020 2460 Augusta
1035 2384 1143 2455 ejcotm
1158 2389 1212 2443 cst.

203 2490 315 2550 Eadem
340 2489 564 2562 Christophorus
581 2489 639 2548 dux
658 2495 688 2550 et
708 2507 802 2550 comes
819 2508 843 2562 ¹a
865 2490 1065 2563 Wirtcnherg,
1089 2489 1138 2562 qui
1158 2503 1284 2562 quoque,

114 2609 178 2652 cum
198 2595 310 2654 neniam
333 2609 478 2652 ocaesare
500 2601 642 2669 peterem,
666 2597 772 2669 estitit,
794 2596 862 2654 hinc
880 2593 965 2668 abiit,
986 2611 1044 2653 non
1059 2593 1136 2668 omni
1151 2609 1186 2652 ex
1199 2598 1285 2666 parte

113 2713 178 2756 curn
193 2700 288 2772 gratie
303 2698 443 2756 dimissus.
567 2738 573 2748 ,
1009 2709 1028 2736 ι’

149 2865 152 2871 ,
202 2803 313 2862 sanam
327 2803 458 2866 nunnus
473 2783 662 2862 aremoricus
682 2803 763 2864 oues
785 2800 1202 2862 concessissemus
1222 2799 1286 2860 oses

113 2908 270 2966 constitute
290 2913 364 2982 erat,
389 2908 492 2980 quibus
506 2907 569 2970 hoec
584 2907 772 2984 duo-casaris
787 2906 903 2992 nomine
917 2906 1161 2978 proponebantur.
1185 2904 1285 2986 Primo

113 3027 177 3070 cum
191 2991 493 3090 ipsiseppostuletrm'
503 3003 559 3084 est,
577 3011 654 3085 quod
668 3027 720 3070 suo
736 3027 794 3070 tere
810 3010 1006 3068 Palatinarum
1021 2989 1199 3066 onerassent.
1223 3007 1281 3068 De·

112 3117 181 3177 inde
197 3119 221 3176 si
237 3118 286 3189 qui
302 3122 406 3190 essent,
424 3117 474 3188 qui
488 3115 636 3174 dimidium
652 3113 973 3189 depromptaepecuniae
988 3111 1118 3184 accipere
1133 3109 1248 3183 vellent,
1264 3126 1283 3168 ι

112 3221 301 3280 thesaurariis
317 3237 450 3280 cesareae
464 3221 621 3293 majestatis
637 3215 702 3280 scm
714 3219 886 3292 reciperent.
918 3217 969 3276 Sin
987 3232 1056 3274 sero
1076 3214 1140 3272 haec
1159 3213 1207 3272 vic
1225 3214 1283 3272 illis

112 3325 318 3387 incommodior
332 3310 493 3395 rideretur,
517 3340 652 3383 caesarem
666 3341 817 3396 passurum
831 3327 864 3381 ut
879 3323 909 3380 in
919 3313 969 3396 J'us
984 3337 1003 3380 a
1022 3317 1213 3378 creditoribus
1232 3333 1285 3377 vo—

113 3435 239 3488 caretur.
269 3429 366 3488 Durus
381 3435 446 3488 erat
460 3430 484 3486 is
504 3429 694 3488 creditoribus
716 3445 825 3502 sermo,
847 3443 950 3486 ¹verum
969 3426 1072 3499 religio
1092 3428 1137 3482 est
1154 3425 1225 3518 ¹ipsis
1245 3437 1283 3482 ne

111 3531 205 3608 major
220 3549 325 3608 rogans
339 3536 463 3610 imperet
477 3549 541 3606 quse
557 3533 634 3592 velit.
664 3534 740 3593 Nam
754 3533 898 3592 Herbroto
914 3530 1023 3589 consuli
1042 3529 1116 3592 male
1135 3528 1197 3616 haec
1217 3527 1294 3590 cles,

113 3646 254 3714 cesserat,
267 3640 326 3713 =qui
349 3655 413 3697 cum
435 3637 601 3697 (iharihdim
621 3635 749 3712 fugeret,
772 3637 804 3695 in
819 3636 921 3709 Scyllae
937 3637 1098 3693 monstrum
1112 3630 1227 3703 incidit,
1249 3635 1283 3692 nt

112 3747 246 3822 superius
262 3745 367 3812 dictum
382 3750 440 3818 est,
1298 3811 1301 3819 ¹

203 3850 458 3910 Schwartzenstein
481 3847 580 3910 cedem
602 3847 648 3905 die
667 3845 815 3924 nobiscnm
834 3859 957 3916 pransus
980 3825 1036 3900 est'.v
1063 3838 1092 3898 A
1111 3852 1193 3896 coena
1212 3832 1280 3894 Gle-

113 3971 195 4014 serus
211 3970 269 4012 nos
279 3953 399 4012 invisiit.
423 3952 510 4011 Venit
524 3950 562 4008 cd
575 3949 729 4022 hospitium
744 3954 874 4008 nostrum
889 3951 919 4005 et
932 3944 1122 4018 wolfgangus
1135 3955 1230 4001 comes
1244 3939 1282 4002 ab

115 4058 272 4132 Oetingen,
297 4059 387 4132 magis
402 4061 435 4114 ut
449 4053 527 4129 cpud
546 4054 688 4128 hospitem
708 4055 800 4132 latens
821 4052 918 4111 uinum
936 4049 1121 4120 decoqueret,
1145 4060 1230 4120 quam
1249 4047 1283 4102 ut

114 4164 268 4237 quenpiam
283 4167 319 4227 ιι
334 4167 433 4221 nostro
451 4157 584 4219 sodalitio
600 4157 808 4232 alloqueretur,
832 4157 899 4216 licet
913 4172 931 4215 s
945 4153 1027 4214 nobis
1042 4151 1085 4211 cd
1100 4159 1212 4210 cleram
1233 4162 1283 4206 uo·

113 4273 195 4328 octus
210 4272 295 4327 esset.
428 4244 429 4248 ¹
619 4273 621 4276 ·
1005 4243 1012 4250 ’
1093 4307 1097 4312 .

203 4371 263 4432 Sub
277 4377 389 4432 noctem
403 4371 508 4444 hospes
522 4373 621 4428 noster
635 4383 699 4426 cum
717 4380 807 4424 uxore
827 4364 898 4422 mihi
919 4361 1148 4438 spoponderunt,
1171 4373 1201 4416 se
1221 4361 1280 4415 trc-

113 4483 211 4538 centos
224 4477 310 4537 nohis
322 4474 447 4536 florenos
462 4480 559 4534 mutuo
575 4473 658 4546 dere,
671 4487 735 4532 nec
744 4469 964 4542 cosquicqucm
979 4467 1029 4530 vel¹
1046 4463 1120 4524 lucri
1140 4462 1185 4521 vel
1198 4451 1294 4562 emor.
