3020 5112
781 468 847 534 228

224 649 333 709 murale
348 649 461 724 duplex.
499 649 596 710 Habet
611 655 640 710 et
654 647 759 709 fossam
776 654 902 709 castrum
916 649 1153 725 circumdantem,
1178 651 1209 731 in
1223 666 1283 724 qna
1298 663 1400 708 career

221 757 385 816 teterrimus
401 772 437 816 ex
451 772 523 829 rupe
539 755 650 842 erebus
666 761 695 815 et
709 761 813 830 puteus
828 752 1032 828 profunditatis
1047 753 1238 829 incredibilis,
1261 755 1301 815 ad
1317 755 1399 830 cuius

224 877 305 921 oram
319 878 383 920 oum
398 861 517 922 abietini
532 861 643 920 asseres
658 861 745 933 positi
760 863 864 934 essent,
880 858 1035 940 Anastmia
1049 861 1099 918 uni
1113 859 1215 920 horum
1229 859 1400 920 incumbens

224 974 291 1027 ante
313 967 459 1028 biennium
482 982 546 1024 curu
567 966 647 1038 putei
668 963 892 1038 profunditatem
914 965 1078 1024 intueretur
1100 965 1248 1040 subsedit,
1270 966 1327 1024 nisi
1343 980 1400 1038 ope

225 1073 322 1134 divina
337 1077 486 1132 asservata
498 1070 600 1146 inisset
613 1071 655 1130 ita
674 1075 739 1130 uta
754 1071 963 1132 Lewensteinio
978 1089 996 1132 a
1011 1071 1095 1158 Rhen
1113 1089 1200 1132 mauu
1214 1071 1400 1148 apprehensa

224 1177 429 1250 attraheretur,
444 1178 475 1236 in
488 1175 638 1240 baratrum
652 1175 708 1236 hoc
722 1176 859 1249 absorpta
872 1174 982 1236 luisset.
1014 1176 1099 1236 Nune
1114 1191 1228 1250 qnoque
1243 1193 1296 1236 arx
1311 1174 1398 1236 undi-

225 1298 282 1355 que
296 1282 410 1341 ruinam
423 1282 557 1354 minatur,
574 1281 675 1355 sacris,
692 1280 918 1340 nocticoracibus
934 1286 963 1340 et
977 1279 1138 1344 bubonibus
1153 1279 1308 1354 hospitium
1323 1296 1397 1354 prae·

224 1386 282 1446 bet.
321 1385 482 1445 Proventus
502 1403 571 1446 vero
586 1385 806 1446 Rudelstadium
828 1387 942 1447 cedunt.
981 1387 1056 1446 Nam
1075 1387 1297 1460 Blauckeuburg
1312 1401 1398 1459 aequo

224 1489 285 1549 fere
301 1491 397 1563 spacio
412 1507 430 1549 a
446 1490 683 1565 Schwartzburgo
699 1496 728 1550 et
742 1490 929 1552 Rudelstadic
945 1491 1042 1566 distat,
1058 1492 1165 1552 scilieet
1172 1491 1284 1550 miliari
1298 1507 1365 1550 nno.

315 1595 454 1668 Tempore
479 1586 631 1655 vindemiae
657 1594 810 1669 praefectus
838 1595 1018 1656 Rudelstadii
1041 1596 1073 1655 in
1097 1597 1180 1656 domo
1202 1595 1343 1656 torculari
1364 1612 1396 1655 se

225 1703 361 1762 continet.
414 1702 517 1761 Fuisse
548 1706 644 1762 autem
671 1700 788 1775 potandi
817 1700 946 1760 studium'
968 1703 999 1760 in
1020 1702 1164 1762 veteribus
1178 1701 1337 1762 'comitibus
1359 1701 1398 1760 de

224 1808 458 1887 Schwartzburg,
484 1812 517 1866 ut
535 1805 596 1866 lere
619 1805 750 1866 omnibus
770 1783 921 1866 Germanis
936 1807 1081 1881 peculiare
1095 1805 1163 1883 luit,
1188 1813 1218 1868 et
1236 1807 1293 1866 hoc
1306 1824 1395 1882 argu·

119 1907 122 1911 ’
223 1920 320 1974 mento
335 1915 534 1993 eognovimus,
570 1913 646 1987 qnod
660 1913 797 1972 torculari
818 1917 949 1972 borreum
964 1911 1090 1986 ligneum
1104 1915 1146 1972 ita
1161 1918 1339 1988 excavatum,
1362 1920 1397 1974 ut

223 2017 350 2077 humeris
365 2020 487 2082 hominis
502 2020 597 2093 aptari
612 2003 711 2092 possit,
724 2019 796 2091 justi
810 2018 945 2091 ponderis
961 2023 990 2078 et
1005 1994 1042 2076 er
1056 2024 1160 2078 eatena
1172 2017 1269 2080 ferrea
1286 2019 1394 2094 depen-

227 2123 341 2182 dentem
355 2123 484 2184 vidimus.
530 2123 606 2183 Usus
621 2129 717 2185 autem
731 2125 816 2198 huius
830 2124 925 2188 aunei
940 2129 992 2198 est,
1013 2127 1045 2181 ut
1061 2125 1110 2196 qui
1125 2124 1164 2183 ad
1178 2123 1304 2196 aequales
1320 2121 1394 2181 hau-

224 2231 285 2288 stus·
303 2229 402 2290 bibere
420 2213 552 2303 voluerit,
575 2229 661 2302 huius
682 2231 755 2292 collo
776 2226 973 2313 appendatur,
1004 2229 1100 2301 Ipsam
1119 2213 1214 2286 arcem
1235 2226 1273 2291 ob
1296 2213 1395 2302 pontis

222 2332 320 2392 trabes
335 2332 413 2392 tabie
434 2319 565 2394 corrosos
585 2335 695 2393 intrare
709 2350 767 2393 uon
782 2334 870 2396 licuit.
908 2332 984 2392 Dum
1006 2334 1094 2407 igitur
1109 2333 1195 2392 situm
1208 2333 1284 2392 arcis
1299 2334 1394 2394 cousi-

223 2437 370 2512 deramus,
393 2433 471 2497 uenit
484 2437 621 2498 Albertus
637 2437 768 2498 Piscator
779 2439 870 2511 judex
884 2440 915 2498 in
929 2437 1133 2517 Blaukenburg
1147 2439 1261 2498 nomine
1276 2445 1395 2498 senatus

222 2539 520 2617 Blauckeubnrgensis
535 2559 639 2617 rogans
654 2549 687 2610 ut
701 2557 764 2603 oum
783 2559 872 2602 uxore
887 2543 987 2603 urbem
1001 2543 1113 2618 ingredi
1125 2541 1319 2618 dignaremur,
1336 2559 1394 2617 quo

224 2647 285 2719 eJus
301 2653 330 2705 et
345 2647 436 2706 nostri
456 2649 586 2708 notitiam
604 2648 712 2730 habere
723 2655 764 2708 et
785 2651 852 2708 rino
867 2655 920 2707 nos
934 2649 1078 2710 honorare
1092 2652 1218 2723 possent.
1258 2649 1394 2720 Quamvis

225 2766 301 2823 aegre
321 2755 561 2828 consenserimus,
590 2761 684 2814 tamen
699 2755 802 2814 civium
816 2754 1022 2814 humanitatem
1036 2753 1204 2813 incivilitate
1218 2758 1320 2812 nostra
1334 2769 1394 2812 non

224 2855 400 2916 obruendam
414 2860 472 2917 rati
491 2875 544 2932 per
567 2860 675 2920 declive
693 2860 798 2920 montis
817 2857 1019 2918 descendentes
1035 2858 1123 2934 pedes
1137 2859 1236 2918 urbem
1251 2859 1393 2918 intramus

222 2965 302 3035 recta
323 2962 436 3022 domum
455 2963 569 3036 Alberti
592 2964 746 3024 Piscatoris
768 2963 917 3037 adeuntes,
941 2963 990 3038 ubi
1000 2964 1061 3036 jam
1075 2967 1136 3022 tum
1150 2963 1180 3021 in
1194 2963 1288 3022 medio
1303 2963 1393 3022 curiae

222 3066 275 3140 sub
289 3066 457 3127 dio-mensae
479 3070 579 3143 positae
600 3073 692 3128 erant.
733 3068 863 3128 Sdutata
882 3069 970 3142 igitur
990 3071 1079 3128 uxore
1098 3073 1127 3126 et
1147 3067 1246 3128 liberis
1266 3069 1329 3141 qus
1344 3069 1393 3126 vix

221 3172 459 3246 consedebamus,
480 3174 549 3246 quin
568 3173 739 3244 secretarius
761 3171 842 3232 urbis
855 3188 919 3232 cum
933 3174 1024 3234 altero
1039 3173 1186 3232 consulum
1201 3172 1314 3233 adesset
1328 3171 1393 3232 feli·

222 3291 284 3336 cem
306 3283 435 3338 nostrum
455 3275 609 3338 adventurn
632 3278 696 3338 fore
714 3282 879 3352 precautes,
904 3279 1090 3353 propinantes
1114 3278 1181 3338 vina
1204 3284 1234 3338 et
1255 3272 1393 3352 quicquid

221 3380 298 3455 apud
311 3362 388 3455 ipsos
402 3384 572 3456 insumptari
594 3400 732 3469 essemus,
757 3389 899 3458 praeterea
921 3388 951 3442 et
965 3400 1017 3444 sua
1032 3381 1127 3444 officia
1142 3382 1314 3443 deferentes.
1338 3384 1391 3443 Al·

220 3485 320 3544 bertna
333 3487 464 3548 Piscator
478 3489 603 3552 variolcs
619 3475 710 3563 pisces
726 3491 843 3564 opipare
859 3485 990 3550 coxerat.'
1025 3489 1166 3566 dussimus
1181 3485 1390 3564 igitur-consu·

219 3591 277 3650 lem
291 3595 321 3650 et
335 3609 401 3653 anos
416 3595 540 3654 asseclas
559 3594 686 3654 assidere
708 3611 743 3654 ac
764 3597 826 3656 sitis
840 3596 1004 3668 laetitiaeque
1026 3599 1169 3654 crateram
1183 3595 1304 3654 invicem
1319 3593 1392 3654 bibi·

220 3714 283 3756 mus
298 3704 431 3758 caventes
446 3716 464 3758 a
479 3697 573 3759 tertio.
612 3701 683 3760 Mox
698 3716 811 3774 quoque
825 3691 1021 3775 ludimagister
1041 3705 1071 3759 et
1085 3701 1168 3775 pueri
1183 3700 1315 3774 aderaut,
1333 3701 1391 3759 imo

222 3808 251 3860 et
271 3808 418 3864 senatores
440 3806 563 3880 aliquot,
586 3809 694 3866 musica
713 3823 798 3866 aures
822 3811 935 3872 cosmas
959 3804 1159 3867 demulcentes.
1197 3801 1238 3865 Et
1258 3803 1391 3890 profecto

220 3908 316 3968 mirati
330 3926 426 3968 sumus
441 3912 647 3972 humanitatem
661 3913 762 3971 horum
772 3907 886 3984 civium,
902 3913 951 3986 qui
965 3910 1098 3984 ampliori
1107 3911 1179 3970 urbe
1190 3910 1271 3984 digni
1284 3915 1390 3970 esseut.

217 4012 304 4071 Venit
318 4018 348 4072 et
362 3996 479 4087 quidam
493 4015 640 4092 Andreas,
663 4017 713 4089 qui
732 4017 830 4076 uxoris
851 4017 918 4076 olim
938 4015 1077 4074 nutricius
1091 4013 1193 4082 ‚iuerat
1212 4019 1242 4074 et
1261 4020 1391 4089 quaestor

217 4119 336 4176 aerarius
351 4120 382 4178 in
394 4120 624 4194 Schwartuburg.
664 4119 770 4180 Consul
792 4121 920 4180 loannes
944 4121 1028 4181 Haclr
1050 4120 1164 4180 diversa
1178 4120 1260 4180 uobis
1276 4119 1314 4179 de
1329 4118 1389 4180 ior·

95 4269 98 4278 ,
216 4225 331 4280 tuna‘et
350 4222 410 4284 fato
431 4226 583 4286 civitatulae
603 4225 688 4298 hujus
709 4231 738 4284 et
762 4224 840 4298 quod
860 4225 965 4299 praeter
985 4225 1147 4285 incendium
1167 4224 1278 4299 grando
1300 4225 1390 4284 semel

216 4311 302 4401 atque
321 4329 426 4388 iterum
448 4333 559 4402 segetes
575 4330 764 4403 concusserit,
780 4331 888 4390 retulit.
927 4329 1007 4388 Idem
1031 4328 1108 4403 quod
1122 4328 1338 4404 oppidi-incolae
1354 4343 1389 4388 ex

215 4433 363 4491 vinearum
379 4437 408 4492 et
422 4448 557 4507 agrorum
571 4433 684 4494 cultura
703 4434 846 4507 victitent,
867 4440 965 4507 tamen
984 4420 1018 4512 dt
1031 4440 1139 4510 ceterae·
1150 4434 1278 4494 civitates
1293 4433 1389 4494 nullas

215 4528 342 4596 babeant
356 4539 402 4600 vel
416 4537 559 4602 nundinas
573 4539 619 4601 rel
634 4539 863 4630 negoobtiones,
883 4538 1012 4604 uounntlli
1032 4553 1147 4616 quoque
1163 4554 1261 4606 eorum
1276 4555 1314 4603 ex
1327 4541 1386 4616 pis·
