3054 5110
784 411 826 477 tt

119 645 122 653 ,
219 595 361 671 saxoniae,
376 593 504 658 Joeuuos
521 589 832 670 Friderionsceptivus
847 597 877 655 et
884 591 1039 654 Mauritius
1052 606 1174 669 corpere
1185 589 1269 667 liber,
1284 591 1394 655 elector

217 702 407 776 treverensis,
433 701 630 776 moguntinus,
657 699 842 774 coloniensis,
871 698 1024 762 cordinello
1053 698 1225 759 tridentinus
1247 702 1278 758 et
1301 715 1393 776 nugu-
1509 722 1510 746 2

218 813 332 882 stemus,
356 805 485 867 mnrohio
505 805 612 866 elector
628 804 798 864 etJounnes
813 805 875 878 ejus
889 802 993 880 freter,
1012 819 1066 864 uec
1080 819 1138 865 non
1152 803 1291 864 hibertus
1304 803 1392 864 bruu-
1509 825 1510 888 3

217 911 435 988 nienburgensis,
446 910 614 972 wilhelmus
623 910 755 970 Beveriee
771 911 830 970 dux
843 926 906 970 eum
914 910 1035 972 elberto
1046 907 1106 970 filio
1120 914 1151 969 ct
1164 909 1241 968 omni
1256 925 1394 985 gynaecoo

217 1033 283 1093 suo,
303 1017 406 1077 lirinus
427 1020 457 1076 et
475 1015 626 1092 Phihppus
646 1015 732 1076 duces
754 1031 772 1074 n
791 1015 990 1104 iirnnsohwig,
1010 1019 1041 1074 et
1059 1013 1200 1074 Ernestus
1220 1030 1239 1073 e
1259 1011 1391 1076 Gruben·

216 1123 311 1198 hegen
322 1127 377 1182 eto.
399 1137 492 1183 comes
508 1121 669 1196 oNessen,
687 1119 802 1182 domine
817 1121 949 1195 princeps
964 1119 1086 1195 Hessius,
1104 1120 1212 1180 eleuter
1226 1119 1393 1196 Mauritius,

217 1225 365 1302 episcopus
384 1226 596 1301 eichstetensis,
613 1225 778 1286 Friderious
797 1226 945 1287 Peletinus
961 1226 1077 1301 elector,
1093 1225 1316 1300 saltzburgensis
1332 1228 1393 1302 epi·
1510 1229 1511 1246 ¹

217 1349 331 1409 scopus,
347 1334 527 1408 coloniensis,
543 1334 712 1394 trevirensis
727 1332 787 1393 iere
804 1349 840 1393 ex
855 1333 955 1393 ordine
969 1330 1096 1405 hospitio¹
1108 1330 1204 1390 ricius
1217 1331 1335 1392 hebent.

306 1455 343 1498 xv
357 1438 475 1514 Aprilis,
492 1454 557 1512 quae
573 1443 636 1498 eret
650 1437 792 1501 dominico
807 1438 1022 1498 Misericordiae
1037 1436 1163 1511 Domini,
1179 1438 1274 1499 enimc
1289 1441 1393 1500 stetui·

217 1562 293 1622 mus,
310 1546 481 1620 rideretur,
502 1545 666 1606 concionem
681 1561 792 1608 murem
807 1543 931 1607 Musouli
946 1541 1055 1602 audire.
1094 1543 1123 1602 Is
1137 1545 1168 1602 in
1184 1543 1292 1620 templo
1307 1545 1393 1604 Meu·

217 1652 277 1712 ritii
291 1665 374 1712 seoro
390 1649 426 1710 de
440 1647 536 1710 uerbis
552 1649 657 1710 Christi
672 1667 708 1710 ex
722 1647 836 1710 doeens
853 1649 1019 1710 »Modicum
1034 1647 1166 1708 uidebitis
1181 1663 1235 1724 me,
1258 1653 1288 1709 et
1301 1648 1393 1709 modi·
1511 1647 1512 1658 ²

217 1773 281 1820 cum
290 1773 348 1818 uon
360 1738 492 1818 videbitis
502 1771 578 1831 me«,
592 1758 660 1817 item
671 1757 750 1817 »Vos
760 1773 817 1816 non
826 1756 984 1830 rehnqnem
993 1754 1158 1830 orphanos«
1171 1760 1225 1815 etc.
1234 1756 1303 1816 item
1315 1756 1395 1816 »Vos

216 1863 503 1937 ridebitie,mundns
524 1864 620 1922 eutem
641 1879 698 1924 non
718 1862 845 1923 videbit«
866 1861 1026 1920 luculenter
1046 1866 1075 1919 et
1089 1860 1137 1934 pie
1152 1860 1302 1935 disseruit,
1325 1860 1394 1921 edo·

216 1985 299 2044 eous,
319 1973 427 2042 quento
443 1981 541 2028 emere
557 1966 687 2027 Christus
702 1983 769 2028 snos
784 1969 990 2042 prosequetur,
1007 1967 1057 2040 qui
1071 1967 1129 2025 siut
1143 1965 1265 2038 orpheni
1279 1981 1395 2043 quoque

217 2072 350 2136 ostendit.
374 2072 492 2134 Adhuc
501 2087 585 2148 quem
600 2073 690 2134 dulcis
702 2075 740 2133 sit
752 2073 908 2134 consolatio
920 2073 974 2146 piis
985 2072 1079 2133 animo
1094 2072 1156 2132 haeo
1165 2071 1254 2131 verbs
1268 2072 1394 2148 volvere,

217 2616 236 2660 n
251 2597 373 2675 Nesseo,
391 2613 484 2660 comes
499 2599 650 2675 Philippus
664 2600 700 2660 eb
715 2583 881 2676 Eberstein,
898 2603 947 2675 qni
963 2617 1039 2662 enno
1054 2604 1197 2678 superiori
1212 2604 1243 2662 in
1258 2601 1393 2668 sodehdo

216 2705 379 2767 Peolunobr
394 2702 497 2765 lueret
518 2704 627 2764 Doctor
642 2705 730 2780 vair,
746 2706 934 2766 censebamus
948 2707 1083 2767 Meurioii
1097 2708 1238 2784 electoris.

305 2809 494 2870 Proverbiurn
509 2809 644 2884 italicum,
661 2811 748 2886 quod,
764 2810 942 2887 prohdolor,
959 2817 989 2872 et
1000 2811 1056 2872 hoc
1068 2829 1130 2874 oeno
1140 2811 1290 2880 Germanis
1305 2829 1391 2888 pecu·

202 2916 288 2994 ‚liure
312 2920 369 2975 est:
399 2915 494 2977 Honio
514 2921 626 2977 mortuo
649 2933 686 2976 ne
707 2915 773 2990 ieye
795 2933 915 2994 guerre,
940 2917 1102 2979 Einthodt
1120 2933 1206 2978 menn
1228 2916 1304 2979 iohtt
1324 2919 1393 2980 hein

217 3019 299 3095 krieg
319 3037 367 3081 on.
612 3103 614 3108 ,

305 3125 416 3187 Eadem
431 3143 465 3188 oo
480 3128 558 3202 quod
572 3145 683 3190 sunum
700 3129 850 3190 diesesset
860 3133 891 3189 in
906 3136 1077 3205 perpetuum
1086 3125 1237 3190 Germanis
1251 3129 1393 3206 lugendus

218 3238 248 3293 et
262 3237 328 3292 etro
347 3232 503 3307 signandus
526 3233 638 3312 lepillo,
663 3249 720 3307 qno
740 3235 947 3294 illustrissimus
961 3234 1090 3295 ‚loannes
1105 3233 1270 3296 Fridericus
1285 3236 1393 3297 elector

218 3335 256 3397 ed
269 3336 380 3411 Albim,
404 3335 473 3412 fuge
493 3336 547 3397 sibi
567 3338 732 3398 consulente
752 3341 879 3399 exercitu
900 3341 962 3413 ejus
983 3356 1017 3399 eo
1036 3331 1141 3416 magne
1159 3355 1312 3416 procerum
1329 3343 1393 3416 ejus

217 3448 301 3521 perte
315 3443 354 3503 eb
369 3459 403 3504 eo
418 3443 456 3504 ed
470 3444 565 3505 hostes
580 3422 756 3520 deficiente,
768 3461 831 3507 enm
846 3445 945 3519 peuois
960 3446 1013 3512 sibi
1028 3444 1095 3506 fidis
1108 3451 1209 3522 ceptus
1225 3451 1316 3522 esset,
1340 3463 1391 3508 ex-

217 3549 361 3610 cubitores
375 3561 410 3611 ec
424 3550 551 3624 reliquus
565 3551 715 3627 Hisponis
730 3552 889 3626 peditatus,
906 3551 1008 3626 quibus
1022 3567 1084 3611 mos
1100 3555 1145 3612 ost
1159 3551 1324 3614 bomberdis
1338 3553 1391 3614 sti·

217 3656 306 3734 pendi
314 3656 446 3730 emereri,
457 3661 503 3715 ter
511 3661 579 3716 onte
588 3656 742 3730 hospitium
752 3657 831 3716 ducis
841 3657 972 3718 electoris
986 3657 1139 3732 immodum
1148 3658 1248 3737 circuli
1255 3663 1392 3720 coeuntes

217 3761 313 3822 sonitu
337 3760 460 3822 terribili
484 3762 587 3822 coelum
616 3777 707 3835 usque
726 3760 849 3836 pedente
870 3763 1006 3838 sulphure
1026 3767 1056 3823 et
1078 3763 1196 3838 pulvere
1216 3764 1391 3826 ermentario

217 3883 278 3942 pree
297 3867 399 3926 letitie
419 3867 574 3941 gestientes
596 3871 626 3926 et
646 3873 854 3927 orenteseem
874 3869 1001 3928 dotomae
1026 3885 1086 3928 suee
1110 3883 1173 3933 esse
1195 3869 1271 3930 diem
1291 3872 1392 3930 testati

217 3977 292 4032 sunt.
331 3971 516 4037 Fortissimus
543 3976 639 4032 autern
660 3972 718 4034 dux
739 3988 755 4032 e
775 3971 903 4034 fenestre
922 3975 1099 4050 prospiciens
1118 3972 1291 4035 nebulonum
1311 3975 1390 4036 inse·

216 4077 293 4138 niem
307 4077 380 4138 risit.

304 4175 385 4259 Papo
400 4183 533 4244 Permsm
554 4189 588 4256 et
598 4183 784 4244 Placentiam
795 4183 895 4259 urbes,
919 4184 956 4244 ob
972 4171 1043 4258 quos
1061 4185 1171 4245 ¹bellum
1190 4188 1266 4248 inter
1285 4202 1391 4264 popum

217 4294 247 4350 et
262 4289 404 4366 Caesarem
420 4290 527 4350 exoriri
541 4289 708 4364 timebatur,
729 4289 766 4350 ed
781 4305 883 4349 monus
899 4289 1021 4350 Gesseris
1036 4291 1193 4367 resignavit
1207 4309 1242 4353 ee
1256 4293 1334 4370 lege,
1358 4300 1391 4354 ut

216 4393 268 4456 filii
289 4413 373 4472 pepae
394 4397 496 4456 herum
518 4396 665 4456 civitatum
690 4394 898 4470 gubernatores
920 4396 1129 4468 pennenerent.
1176 4397 1224 4457 Sic
1244 4397 1390 4459 Cretensis

218 4501 367 4578 Aegonitee
383 4504 548 4564 commissus
563 4502 642 4562 norit
656 4499 830 4562 comminisci
844 4501 948 4562 dolum.

1262 4835 1279 4872 Ὶ

217 2178 326 2239 scilicet
341 2177 455 2238 »Alium
465 2177 640 2252 pureoletum
650 2179 760 2238 mittem
770 2178 879 2238 vobis«
897 2177 969 2238 Item
978 2184 1008 2238 et
1016 2191 1114 2240 omnes
1122 2175 1163 2252 pii
1172 2176 1396 2238 consulutionem
1512 2179 1513 2230 i

215 2283 284 2344 hinc
305 2297 410 2358 cepere
430 2285 555 2356 possint,
579 2283 672 2342 Deum
691 2284 921 2358 benignissimum
942 2289 1054 2360 petrem
1074 2299 1132 2354 non
1152 2283 1319 2344 relicturum
1340 2283 1395 2346 sibi

217 2387 338 2450 fidentes
352 2387 505 2464 orphanos.
1342 2462 1345 2476 ‚

305 2493 416 2554 Eodem
431 2492 509 2569 opud
523 2495 654 2554 comitem
667 2489 961 2569 Guilieimum'prensi
976 2481 1082 2556 snmus.
1121 2495 1284 2558 Adfuerunt
1298 2477 1394 2558 comes
1513 2567 1514 2578 ἶ
