3046 5104
757 419 821 484 loo

286 601 365 660 Inter
374 605 505 675 quanm
513 605 542 660 et
551 601 679 674 quintam
686 601 773 660 horos
781 597 1173 688 pomeridianasflenselinus
1181 600 1312 664 Venator
1321 615 1372 658 ves

197 707 240 766 nit
254 705 293 782 ad
311 705 417 765 iratres
432 710 547 766 nostros
562 721 580 764 a
594 699 844 782 noverea-missus.
883 704 974 764 Nobis
996 719 1110 778 quoque
1130 706 1231 764 literas
1247 695 1373 764 dominae

196 827 296 872 soerus
311 812 410 872 uxoris
425 816 455 870 et
469 809 593 870 doctoris
602 809 769 869 Melchioria
786 809 823 869 ab
834 808 908 874 Ossa
922 809 1170 869 commendatitias
1184 825 1240 884 pro
1254 808 1372 868 Eubulo

195 917 235 977 ad
256 917 401 978 doctorem
428 919 571 978 loannem
598 916 823 990 Strombe'rglum
845 921 875 974 et
902 913 1049 974 doctorem
1075 914 1245 974 Udelrieum
1267 913 1370 974 Mord-

195 1024 284 1098 eisen,
299 1023 477 1083 consiliarios
492 1022 624 1082 Mauritii
642 1022 738 1096 ducis,
760 1021 842 1080 etad
864 1013 1029 1094 Philippum
1045 1019 1151 1096 Selden
1164 1009 1370 1078 vicecancella-

195 1130 270 1208 rium
286 1127 409 1188 essoris
424 1143 479 1186 neo
492 1145 551 1188 non
565 1125 717 1186 Nicolaum
731 1142 749 1184 a
763 1125 885 1184 Konritr'
906 1139 1063 1184 caesareum
1077 1103 1303 1184 commissarium
1318 1123 1370 1182 ad·
1419 1191 1422 1195 ,

194 1233 300 1294 ferens.
317 1233 428 1313 Eadem
435 1234 562 1293 Joannes
572 1249 590 1292 a
600 1229 799 1314 Reiohenhach
806 1227 955 1288 medicinae
966 1229 1067 1289 doctor
1075 1230 1223 1289 nobiscum
1232 1230 1370 1294 emmaum,

254 1347 256 1352 '
283 1337 416 1398 Redditus
430 1336 514 1396 nohis
534 1337 636 1396 eadem
650 1341 717 1395 sunt
739 1336 831 1394 literae
847 1335 1047 1408 spectatissimi
1071 1335 1175 1408 equitis
1189 1335 1371 1396 Baithasaris

195 1443 397 1518 aeuningen.
413 1435 500 1502 Ferit
516 1441 647 1502 dominus
662 1441 812 1514 utriusque
822 1445 919 1500 votum
934 1438 1057 1500 foelicem
1073 1443 1212 1500 sortiatur
1228 1438 1370 1499 effectum.

284 1548 453 1610 Ambrosius
474 1547 612 1623 Ammon,
638 1564 702 1621 quse
723 1547 759 1606 de
778 1547 895 1606 Interim
917 1533 1097 1620 oholeverat,
1124 1547 1272 1608 nohmeum
1291 1563 1369 1606 com·

195 1654 358 1714 manicavit.
396 1653 628 1714 Volkmarienses
644 1659 673 1713 et
693 1651 829 1712 Constein
850 1653 965 1726 egregie
987 1652 1121 1712 comitum
1143 1653 1275 1714 absentia
1289 1650 1371 1722 abuti

197 1760 340 1820 dieantur.
1405 1743 1408 1748 ’

284 1863 395 1926 Eadem
418 1865 582 1927 Madrutins
608 1864 794 1927 Tridentinus
822 1865 973 1940 episcopus
997 1869 1027 1924 et
1052 1863 1206 1924 cardinalis
1229 1862 1370 1937 Augustae

195 1971 275 2032 obiit.
314 1969 449 2031 Gerolum
464 1987 482 2030 a
497 1969 650 2037 Stoehhem
670 1970 706 2030 de
727 1970 809 2030 seriis
832 1985 896 2028 oum
910 1985 944 2028 00
967 1971 1060 2030 acturi
1074 1969 1113 2029 ad
1129 1961 1242 2029 coenam
1255 1969 1371 2030 vocavi·

196 2093 268 2151 mus,
285 2077 337 2138 ssd
351 2077 448 2136 neseio
464 2091 521 2148 qua
531 2076 667 2142 ‚molestia
682 2079 915 2148 remoratusssest.

283 2180 395 2241 Eadem
410 2181 592 2253 eognovimus
613 2181 744 2240 consules
758 2179 944 2254 Augustanos
966 2179 1090 2242 fratrum
1105 2186 1135 2242 et
1149 2181 1241 2240 nostri
1263 2185 1370 2254 rogatu

194 2287 317 2350 10010010
332 2285 424 2344 nostri
438 2283 558 2344 fratrem
572 2275 603 2342 i'n
618 2285 741 2362 gratiam
754 2285 909 2360 recepisse.
1224 2267 1228 2274 ⁴

283 2390 358 2450 Veni
372 2396 486 2448 creator
499 2389 626 2463 spiritus,
648 2395 758 2458 mentes
773 2395 888 2449 tuorum
901 2391 997 2466 visita,
1019 2391 1106 2466 imple
1121 2407 1247 2466 superna
1261 2391 1366 2465 gratia

194 2509 259 2568 qua
273 2499 306 2553 tu
321 2495 425 2553 creasti
440 2498 567 2568 pectora.
607 2494 686 2554 Pene
710 2495 786 2554 enim
806 2470 836 2554 ir‘n
858 2497 989 2556 omnihus
1009 2498 1091 2558 nobis
1113 2499 1188 2572 ignis
1203 2497 1309 2557 amoris
1323 2497 1368 2556 tui

194 2601 335 2660 extinctus
354 2604 406 2658 est.
446 2599 491 2658 Tu
506 2615 522 2659 0
537 2597 642 2660 favillis
656 2598 785 2660 flammas
801 2603 904 2677 exeita,
929 2619 985 2684 quo
1001 2601 1088 2662 cordo
1103 2608 1203 2662 nostra
1217 2599 1365 2676 calefacta,

194 2721 229 2766 ea
244 2707 309 2780 'qua
331 2704 413 2764 nohis
430 2705 515 2786 juxta
536 2706 707 2780 promissum
724 2705 831 2765 domini
855 2713 884 2766 et
899 2709 1051 2770 salvatoris
1066 2710 1158 2767 nostri
1171 2709 1244 2768 'Jesn
1259 2707 1367 2767 Christi

193 2811 337 2887 suggeris,
357 2809 522 2872 medullitus
541 2827 593 2873 nos
613 2809 741 2872 alliciant
760 2807 790 2872 'et
811 2812 849 2872 ad
864 2813 966 2871 animae
986 2815 1199 2888 receptaculum
1213 2812 1271 2874 fide
1293 2831 1368 2887 pura

130 2915 132 2920 '
193 2933 229 2978 ea
241 2917 479 2991 transmittamus,
502 2922 589 2991 teque
610 2921 723 2977 rectore
735 2917 839 2980 ,omnia
863 2924 963 2990 nostra
983 2917 1022 2978 ad
1040 2917 1097 3000 Dei
1116 2919 1252 2994 gloriam,
1277 2919 1366 2992 ipsius

193 3015 326 3083 audiente
341 3019 409 3098 filio,
426 3022 592 3098 dirigamus,
609 3024 658 3096 qui
672 3024 744 3084 vivis
759 3029 789 3082 et
802 3038 906 3098 regnas
921 3039 986 3082 cum
1003 3023 1103 3084 eodem
1118 3013 1201 3100 patre
1216 3025 1246 3084 et
1259 3021 1366 3102 filio-in

191 3130 322 3190 trinitate
337 3126 467 3202 perlecta
481 3127 563 3210 Deus
578 3129 673 3188 trinus
688 3135 717 3189 et
732 3145 814 3188 unus.
838 3128 941 3188 Amen.
1313 3190 1329 3207 „

280 3249 320 3292 xx
333 3233 417 3308 Maji,
434 3248 498 3306 quoe
514 3237 578 3291 erat
591 3233 655 3318 ipsa
671 3233 732 3292 dies
751 3238 946 3308 pentocostes,
972 3233 1025 3293 suh
1046 3238 1156 3294 sextam
1180 3234 1282 3294 horam
1297 3240 1366 3294 ante

191 3337 340 3398 meridiem
355 3336 394 3396 ad
404 3336 611 3396 dhdsuritium
624 3338 681 3411 piae
696 3339 807 3411 aliquot
821 3340 969 3399 contiones
984 3329 1144 3402 decantata
1159 3346 1235 3400 sunt.
1252 3339 1364 3400 Deinde

191 3443 284 3523 lector
291 3456 394 3514 oxoap.
408 3426 589 3500 15tlatthei
604 3441 717 3514 aliquot
726 3443 925 3518 paragraphos
935 3445 1005 3519 legit
1016 3461 1050 3504 ae
1059 3451 1178 3508 caeteras
1193 3447 1364 3506 monitiones

190 3561 244 3622 pro
260 3545 344 3606 solito
359 3544 435 3606 fecit.
452 3547 524 3606 Post
534 3547 597 3606 haee
607 3547 635 3606 d.
641 3535 801 3632 Musonius,
809 3549 941 3610 invocato
951 3551 1076 3610 coelestis
1084 3551 1208 3610 numinis
1218 3548 1363 3624 praesidio,

190 3653 340 3714 historiam
355 3652 412 3713 diei
426 3651 492 3713 festi
506 3653 591 3727 hujus
607 3669 643 3713 ex
657 3671 720 3728 capr
733 3653 899 3716 hhctorum
913 3655 985 3729 legit
999 3671 1091 3728 usque
1107 3655 1145 3714 ad
1158 3656 1233 3716 hano
1247 3662 1363 3715 senten·

189 3757 276 3816 tiamr
293 3757 352 3817 »Et
365 3758 653 3834 loquebantmvariis
663 3759 783 3835 linguis,
799 3762 1019 3836 proutspiritus
1033 3761 1121 3821 dabat
1136 3762 1216 3834 loqui
1232 3761 1293 3820 eis«
1308 3767 1362 3821 ete.

189 3845 297 3923 Aiebat
311 3869 407 3923 autem
416 3871 551 3938 oportere
560 3864 798 3942 animadvertere,
813 3883 869 3940 qua
883 3865 971 3926 animi
985 3867 1143 3926 intentione
1157 3868 1260 3927 heatus
1268 3865 1363 3926 Lucas

190 3966 368 4052 euangelista
381 3973 415 4036 et.
423 3969 529 4030 librum
544 3986 627 4031 suum
639 3957 764 4045 priorem
774 3971 896 4046 ethunc,
905 3971 1031 4030 ouiheta
1045 3973 1241 4046 apostolorum
1248 3973 1363 4036 titulum

189 4069 266 4146 iecit,
283 4073 441 4146 scripserit.
464 4074 587 4134 Videtur
600 4059 707 4151 autem,
719 4076 821 4150 inquit,
837 4075 958 4134 dhuoae
973 4070 1130 4136 hoeluisse
1145 4077 1316 4152 institutum,
1330 4081 1363 4135 ut

188 4177 262 4238 siout
275 4177 410 4254 inpriore
422 4179 457 4239 de
471 4180 659 4256 humanitate,
669 4183 802 4259 passione
810 4187 840 4240 et
850 4183 1061 4242 resurreetione
1069 4182 1183 4258 Christi,
1194 4184 1327 4244 similiter
1333 4187 1363 4242 et

188 4283 224 4342 de
233 4284 322 4357 gestis
337 4299 372 4344 ac
380 4285 524 4344 miraculis
535 4283 644 4345 domini
650 4287 857 4352 sermocinatus
866 4291 919 4361 est,
934 4281 976 4345 ita
988 4287 1019 4346 in
1029 4287 1219 4348 hooseeundo
1235 4289 1362 4349 scribere

189 4389 279 4448 voluit
293 4389 385 4464 qualis
400 4390 483 4465 regni
493 4390 599 4451 Christi
611 4370 757 4450 successus
777 4395 806 4450 et
821 4396 912 4450 status
926 4397 993 4464 post
1002 4393 1064 4466 eius
1078 4395 1318 4456 resurrectionem
1333 4397 1362 4451 et
1455 4443 1460 4450 .

187 4493 384 4554 ascensionem
397 4494 495 4572 fuerit,
511 4502 541 4556 et
551 4487 789 4570 hicevangel'istse
805 4497 877 4556 ordo
892 4497 1090 4583 observandus
1100 4503 1152 4559 est.
1170 4498 1261 4560 Simili
1276 4497 1362 4558 modo
