3020 5112
709 373 776 446 alt

243 567 439 640 Posteaquam
457 563 488 623 in
508 561 576 624 Sala
595 559 633 624 ad
655 561 851 624 duodecimam
873 559 936 624 iere
954 561 1095 639 piscatum
1114 569 1174 639 ost,
1199 566 1230 626 iu
1251 581 1326 641 papo

142 671 390 733 Niddernhaseln
405 667 559 744 prandium
574 669 752 742 sumpsimus.
775 669 803 728 A
818 668 940 754 prandio
954 685 1055 728 rursus
1068 671 1221 744 piscationi
1234 653 1327 732 indul·

143 777 251 836 simus.
274 775 454 836 Piscatores
469 779 565 837 autem
586 775 662 834 rstia
676 773 825 836 duodecim
847 775 1054 850 colligaverunt
1074 779 1104 833 et
1117 777 1234 836 summis
1246 777 1325 839 laho-

144 882 233 942 ribus
249 897 345 967 opera
360 881 518 940 instabant.
541 881 648 940 Verum
663 895 716 940 nec
728 881 852 956 conspici
864 879 979 954 quidem
990 895 1028 940 nc
1042 879 1134 940 dicam
1149 881 1214 955 capi
1223 897 1327 956 ,ιιοιιι

145 991 298 1060 poterant.
342 985 449 1046 Uxoris
473 989 503 1045 ιι
524 986 616 1045 nostri
642 986 757 1049 nomine
785 985 933 1047 dimidium
958 986 1107 1046 tholorum
1122 986 1153 1045 in
1175 987 1327 1060 propinant

146 1091 346 1167 piscatoribus
358 1091 500 1167 dedimus.

244 1197 303 1257 Sub
322 1211 473 1271 vesperam
488 1193 686 1271 Woltigangus
706 1211 800 1256 comos
819 1211 837 1255 a
857 1193 994 1257 Gleichsn
1008 1195 1228 1258 Rudolstudium
1249 1197 1326 1255 venit

148 1311 182 1364 et
196 1303 315 1382 Annua
331 1301 442 1362 Sebach
457 1317 520 1360 cum
534 1301 709 1362 Volclnnaro
722 1319 741 1362 a
755 1303 841 1376 Hayn
856 1303 966 1362 reversi
981 1308 1057 1366 sunt.
1130 1310 1136 1320 '

191 1391 196 1396 ¹
242 1406 354 1466 Eadem
373 1403 542 1466 willielmus
562 1407 659 1467 senior
681 1423 775 1466 eomes
796 1406 834 1467 ab
852 1407 1043 1494 Hennehorg
1048 1407 1115 1470 filias
1139 1425 1198 1468 ιιι
1220 1407 1326 1468 Gallia.

149 1517 224 1575 rinos
241 1515 393 1588 accipitres
409 1515 445 1572 ex
459 1511 599 1572 ilminaiae
615 1513 702 1586 sylvis
717 1518 883 1588 procreatos
897 1513 983 1578 misit,

239 1619 308 1680 Non
323 1619 425 1694 procul
438 1635 457 1678 a
470 1617 682 1680 Nidernhassln
696 1623 778 1678 traua
793 1615 889 1678 Salam
904 1635 956 1679 arx
968 1619 1175 1693 weissenburg
1190 1624 1220 1682 st
1233 1634 1325 1744 pagus

153 1733 200 1785 est
215 1723 367 1784 Colchuitr
382 1705 518 1783 nobilium
533 1723 569 1782 de
585 1722 696 1782 Thuen.
890 1731 892 1740 ’

240 1826 320 1894 uota
336 1827 451 1888 domina
466 1843 564 1888 socrus
579 1835 646 1889 ante
661 1843 750 1889 annos
766 1827 950 1902 quindecim
942 1845 972 1887 ιιι
988 1828 1152 1889 comitatum
1167 1828 1324 1889 Schwartz-

149 1937 226 2011 hurg
248 1935 328 2003 roms
347 1935 400 1995 sub
422 1934 590 1995 intestinum
611 1935 718 1995 bellum
741 1931 902 2038 domania
930 1949 984 2008 per
1006 1933 1157 1998 seditiosos
1183 1933 1324 2052 agricolm

151 2047 262 2100 motum
276 2051 353 2100 anno
373 2039 467 2100 1525.
630 2041 636 2054 '

241 2143 386 2206 Solueldia
406 2150 436 2206 et
453 2145 590 2219 quioquid
609 2151 654 2206 est
668 2146 763 2221 huius
774 2150 883 2206 mactus
903 2125 1054 2212 addulam
1073 2138 1155 2206 olim
1163 2145 1325 2232 ditionisst

146 2253 223 2327 juris
239 2249 433 2312 Orlemundici
448 2257 478 2310 et
493 2251 731 2328 Schwartzhurgii
744 2250 808 2311 luit.
929 2279 933 2283 ·

241 2357 323 2416 Intra
336 2356 504 2431 oppidulum
518 2355 691 2418 Rudelstadt
708 2373 724 2416 e
744 2357 837 2418 nobili
852 2357 989 2434 prosapia
1007 2357 1037 2416 hi
1052 2339 1322 2426 commemorantur:

151 2455 280 2523 ιῙοιιιιιιι
299 2463 441 2538 Moering,
466 2463 609 2524 Hemicus
629 2479 647 2524 a
666 2460 841 2538 Witzlebsn,
861 2463 1044 2538 Schonieldt,
1065 2461 1205 2538 Georgius
1225 2455 1323 2592 Heise,

151 2567 313 2662 Philippus
318 2583 337 2626 a
351 2568 433 2628 dene.
760 2619 763 2635 ,

240 2671 318 2732 Nota
333 2671 369 2732 de
368 2671 543 2747 quaestore,
566 2671 616 2746 qui
634 2687 698 2732 cum
714 2673 775 2746 jam
790 2675 855 2734 neci
873 2674 1052 2750 adjudicatus
1072 2679 1148 2734 esset
1162 2689 1221 2734 non
1235 2689 1323 2733 unum

150 2777 190 2837 ob
203 2774 312 2836 furtum
327 2778 468 2852 etuxoris
483 2783 590 2837 nostrae
605 2776 738 2852 precihus
756 2795 774 2865 a
790 2779 905 2840 domina
925 2781 1085 2840 socrusita
1099 2780 1224 2840 donatus·
1236 2781 1322 2854 esset,
1408 2856 1413 2868 ι

149 2889 218 2944 aute
240 2897 347 2958 paucos
366 2877 660 2961 dics'Rudalstadium
678 2885 840 2959 rescripsit,
864 2899 1041 2958 conquerens
1058 2886 1144 2946 cistas
1157 2879 1230 2944 suas
1243 2901 1321 2962 reac·

149 2993 243 3063 ratas,
264 2987 374 3052 addens
388 2960 481 3048 minas
502 2993 532 3048 ιι
546 3003 609 3047 cum
620 2990 784 3063 juramento
805 3006 835 3050 se
854 2990 1009 3050 adstrinxit
1028 3006 1059 3050 se
1078 2995 1160 3050 trans
1173 2990 1271 3064 Salam
1286 2989 1323 3049 sd

144 3093 303 3170 ‚duodecim
316 3095 440 3154 miliaria
454 3093 643 3172 Rudelstadio
663 3112 722 3155 non
742 3097 1052 3172 appropinquatur-um,
1064 3100 1171 3182 'amen
1189 3096 1221 3168 in
1234 3093 1321 3155 coufi-

150 3201 236 3260 nibus
251 3200 432 3268 sexoontinct.
457 3199 513 3260 Ssd
528 3201 584 3272 hoo
597 3199 705 3261 hatum
721 3206 764 3261 est
778 3217 889 3276 eorum,
909 3202 959 3276 qui
972 3201 1102 3276 patibulo
1117 3201 1178 3260 nati
1187 3205 1268 3274 sunt,
1291 3203 1323 3258 ut

149 3303 258 3365 ιιιιιιιιι
279 3304 411 3364 iterando
432 3303 608 3381 exaggerent
629 3321 663 3366 ac
688 3321 805 3366 erucam
821 3308 852 3396 in
870 3283 975 3367 malam
996 3293 1071 3368 uelis
1082 3306 1162 3368 nolis
1186 3300 1322 3379 suspendi
1343 3321 1345 3325 ·

151 3411 283 3472 velint..
700 3431 702 3438 ’
861 3439 866 3450 ·
1169 3439 1174 3448 ·
1279 3428 1281 3434 ·

239 3517 283 3576 iu
291 3517 393 3576 tulii
384 3533 415 3576 ιιι
434 3515 545 3592 capella
567 3518 642 3578 arcis
662 3517 798 3588 ulbertus
815 3517 913 3584 Draco
933 3475 1040 3580 Psalmi
1058 3523 1132 3578 119-
1145 3461 1322 3580 omanadum

10 3681 12 3688 r
134 3624 196 3683 'vel
210 3623 379 3698 particulam
396 3620 534 3684 decimam
554 3625 682 3698 quintam
700 3623 828 3698 ejusdem
847 3625 950 3698 psalmi
968 3625 1127 3697 enarravit,
1150 3625 1196 3684 cui
1210 3618 1322 3683 initium

150 3734 207 3796 est:
230 3729 348 3804 Iniquus
363 3725 430 3789 odio
444 3728 546 3804 habui,
569 3729 665 3804 legem
678 3734 774 3790 autem
793 3733 872 3786 tuam
886 3725 982 3786 dilexi.
1020 3729 1075 3786 Hic
1089 3729 1187 3788 docuit
1202 3728 1321 3790 devoro

149 3850 204 3893 usu
219 3835 299 3894 verbi
317 3833 362 3892 dci
378 3839 408 3892 et
421 3833 524 3893 horum
539 3843 672 3894 uersuum
685 3833 834 3893 octoadem
846 3833 877 3890 in
890 3831 962 3892 duas
977 3835 1131 3892 summulas
1148 3833 1256 3908 diuisit,
1268 3836 1322 3894 soi-

149 3941 217 4000 licst
231 3955 295 4014 qua
310 3939 348 3999 sit
362 3943 469 3998 natura
478 3938 525 4017 vel
538 3929 622 4012 quale
633 3928 779 4013 ingenium
792 3951 900 4027 corum,
916 3937 1019 4012 quihus
1037 3939 1084 3998 dei
1096 3941 1183 3999 timor
1198 3946 1322 4000 stamar

149 4045 233 4105 verbi
246 4025 337 4120 inest,
360 4048 390 4105 ιι
404 4037 628 4118 quae'horribilis
642 4059 731 4119 poena
745 4058 794 4108 cos
809 4047 939 4119 maneat,
966 4045 1015 4117 qui
1030 4049 1065 4104 et.
1077 4042 1152 4104 iulsa
1174 4045 1279 4106 docent
1294 4051 1323 4106 et

148 4151 326 4225 hypocritiae
342 4149 444 4223 spiritu
458 4154 534 4208 sunt.
559 4147 673 4208 Tribuit
688 4164 802 4235 quoque
816 4149 927 4209 timenti
941 4149 1025 4211 deum
1038 4165 1104 4220 suas
1120 4152 1320 4227 proprietates,

150 4251 217 4316 odie
232 4255 341 4315 habere
354 4256 484 4316 inimicos
498 4255 568 4330 quid
582 4256 627 4342 sit,
645 4257 679 4315 ιι
689 4255 752 4328 quis
764 4253 850 4328 hujus
859 4255 917 4315 odii
929 4253 1008 4329 finis3
1025 4256 1098 4316 Item
1108 4255 1228 4331 diligere
1238 4257 1320 4319 deum
1361 4246 1364 4250 ’

152 4367 182 4421 ιι
195 4361 289 4436 legem
310 4359 431 4434 domini3
455 4337 528 4424 item
550 4359 629 4436 quod·
649 4360 713 4435 pius
735 4373 818 4446 omne
840 4360 1004 4434 praesidium
1022 4362 1076 4422 soli
1098 4361 1152 4422 deo
1174 4365 1322 4434 acceptum

151 4465 272 4540 reierut3
287 4463 389 4542 ingere
403 4467 550 4530 consortia
563 4467 712 4543 malorum,
728 4460 833 4544 rogare
848 4449 881 4528 ut
890 4463 1076 4530 conservetur
1089 4467 1119 4528 in
1133 4465 1229 4526 uerbo.
1253 4465 1323 4527 Sex·
