3046 5104
815 452 879 517 134

260 658 318 703 ιιι
333 645 397 698 erat
410 640 440 698 in
456 653 489 698 eo
511 636 626 694 veritas.
666 636 722 708 Qui
743 651 805 700 cum
817 634 1004 716 mendacium
1026 625 1168 718 loquitur,
1192 635 1368 708 exproprio
1389 635 1426 694 lo-

260 727 365 819 quitur,
375 745 443 816 quin
459 747 488 800 ιι
502 742 562 814 ipse
576 741 669 814 ipsum
682 746 711 800 et
725 740 902 800 mendacium
919 744 963 799 est
977 746 1007 798 et
1021 745 1103 815 pater
1116 729 1178 812 ej‘us
1191 743 1245 798 etc.
1276 741 1306 797 Is
1315 741 1428 813 spiritus

244 864 382 924 ‚nequam
398 853 427 906 ιι
441 846 551 906 Sathan
566 845 694 919 quotidie
709 847 815 919 satagit
830 843 988 904 doctrinam
999 842 1078 904 iilius
1094 846 1211 918 spiritus
1223 845 1356 902 veritatis
1369 845 1429 904 sub

261 961 374 1014 vertere
395 959 424 1011 ιι
443 952 547 1023 omnia,
571 955 604 1008 ut
624 966 698 1008 nunc
720 951 750 1007 in
770 956 925 1024 prospectu
943 954 997 1022 est,
1021 951 1194 1008 conturbans
1213 966 1253 1007 ac-
1267 965 1390 1022 regnans
1403 949 1429 1007 in

261 1059 327 1117 filiis
343 1056 520 1117 diffidentiae.
559 1055 671 1114 Dicitur
690 1055 766 1112 idem
787 1054 904 1129 spiritus
925 1071 948 1111 s.
969 1055 1079 1127 unctio,
1103 1070 1138 1113 eo
1159 1055 1237 1127 qnod
1257 1055 1313 1112 hoc
1334 1055 1429 1129 spiritu

261 1148 492 1222 sanctificationis
508 1165 537 1218 ιι
551 1161 581 1218 in
597 1177 681 1233 reges
692 1166 727 1218 ,ιι
740 1160 771 1216 in
786 1159 951 1218 sacerdotes
966 1159 1113 1233 ungimur:
1131 1159 1312 1232 Sacerdotes,
1328 1165 1362 1218 ιιι
1373 1159 1429 1216 Deo

262 1257 390 1341 nuotidie
405 1284 457 1326 nos
472 1267 549 1340 ipsos
569 1266 598 1324 in
614 1264 728 1323 Christo
749 1263 893 1324 sacerdoti
912 1279 1021 1324 summo
1041 1270 1071 1324 ct
1090 1265 1152 1338 regi
1173 1266 1257 1322 unico
1273 1262 1428 1337 offeramus,

260 1371 465 1432 mortificantes
488 1371 519 1430 iu
542 1371 596 1430 hoc
621 1370 725 1444 spiritu
753 1369 859 1428 vetaris
880 1371 970 1427 nostri
995 1368 1099 1428 Adami
1122 1371 1381 1450 concupiscentias,
1405 1374 1430 1426 et

262 1490 352 1551 opera
373 1492 426 1534 nec
447 1491 505 1534 non
526 1482 555 1535 ct
574 1491 674 1551 preces
689 1478 804 1543 sanctas
818 1473 882 1532 Deo
902 1471 1055 1548 offerimus,
1075 1473 1131 1534 hoc
1150 1476 1253 1548 spiritu
1276 1492 1300 1534 s,
1316 1475 1429 1549 gemitus

262 1557 376 1640 nostros
391 1580 558 1652 adjuvante:
581 1573 688 1654 Reges,
701 1579 769 1652 quia
783 1580 814 1638 in
829 1577 942 1638 Christo
957 1594 1110 1652 regnamus
1125 1581 1155 1638 in
1170 1569 1306 1640 libertate
1322 1581 1430 1654 spiritus

264 1691 294 1758 et
316 1685 495 1762 conscientiae
519 1685 555 1744 de
573 1683 695 1759 mundo,
721 1673 807 1742 carue
830 1688 859 1742 et
882 1683 996 1744 diabolo
1018 1701 1072 1758 per
1093 1700 1191 1759 regem
1211 1689 1240 1744 et
1260 1684 1430 1744 sacerdotem

264 1795 392 1850 nostrum
407 1790 505 1848 Jesum
522 1789 665 1848 Christum
682 1789 801 1849 devictis
820 1789 968 1864 victoriam
987 1781 1178 1862 reportantes.
1216 1788 1332 1848 Dicitur
1351 1795 1379 1848 ιι
1392 1789 1429 1848 di-

264 1897 340 1969 gitus
360 1895 429 1967 Dei,
454 1910 487 1954 eo
510 1894 588 1967 quod
609 1895 688 1953 Deus
711 1899 794 1968 pater
816 1909 868 1968 per
890 1893 967 1952 hunc
988 1894 1121 1977 spiritum
1142 1885 1292 1970 operetur,
1317 1889 1430 1954 sicutin

200 2002 203 2006 ’
264 2001 365 2059 Exodo
380 2000 457 2073 magi
478 1999 647 2073 Aegyptiaci
667 1991 810 2056 ulceribus
830 1997 955 2070 undique
974 1996 1072 2057 infecti
1091 1999 1300 2086 exclamarent:
1324 1999 1431 2073 Digitus

264 2105 320 2164 Dei
334 2105 382 2164 hic
397 2109 440 2163 est
456 2109 509 2162 etc.
539 2104 652 2162 Dicitur
672 2108 702 2162 et
720 2103 833 2176 pignus,
858 2104 934 2176 quod
955 2105 1037 2162 nobis
1058 2105 1215 2177 promissus
1237 2110 1267 2162 et
1289 2105 1371 2164 dutus
1390 2105 1429 2176 sit,

265 2215 428 2269 contestans
449 2208 594 2268 Christum
613 2209 695 2268 nobis
715 2210 824 2282 omnia,
848 2226 913 2282 qna
934 2210 1077 2283 promisit,
1101 2211 1313 2285 prestiturum,
1336 2211 1430 2270 docens

264 2322 297 2374 ut
319 2316 390 2372 certi
413 2315 499 2372 simus
522 2312 558 2371 de
580 2310 775 2372 misericordia
796 2313 852 2372 Dei
871 2315 1016 2380 ,etsalnte
1035 2315 1116 2374 nobis
1136 2331 1190 2389 per
1206 2314 1351 2374 Christum
1370 2315 1430 2374 data

263 2426 317 2478 etc.
341 2419 395 2476 Est
409 2413 557 2477 et'arrabo
573 2407 762 2492 conscientiae,
779 2435 836 2491 quo
851 2420 1011 2493 consignati
1026 2436 1122 2478 sumus
1138 2419 1166 2478 in
1185 2417 1259 2480 filios
1275 2420 1430 2495 adoptionis

266 2530 295 2600 et
310 2523 465 2583 coheredes
481 2522 595 2581 Christi.
628 2505 757 2580 coheres
772 2524 857 2582 Jesus
876 2521 952 2584 filius
972 2528 1017 2583 est
1031 2525 1170 2584 naturalis
1185 2524 1241 2584 Dei
1261 2527 1363 2599 patris,
1385 2541 1430 2584 nos

265 2645 323 2688 non
338 2629 508 2688 natumsed
528 2623 683 2710 adoptione
703 2633 733 2686 et
751 2619 964 2702 consignatione
985 2628 1070 2702 hurjus
1089 2613 1240 2688 arrabonis
1259 2645 1357 2688 sumus
1371 2613 1429 2688 facti

264 2733 316 2791 fiiri
331 2717 359 2791 ιι
379 2731 548 2806 coheredes,
568 2737 600 2790 ut
622 2733 706 2790 liceat
718 2707 809 2816 ‘nobis
830 2734 859 2790 in
880 2717 944 2792 hoc
957 2727 1059 2806 spiritu
1081 2735 1217 2814 clamare,
1238 2733 1325 2796 ubba
1345 2739 1428 2810 pater,

264 2838 363 2898 codem
383 2835 486 2911 spiritu
506 2839 761 2911 gemitns'nostros
781 2819 948 2912 adjuvante;
974 2843 1094 2898 vocatur
1118 2844 1147 2897 ιι
1169 2838 1254 2898 dator
1277 2855 1427 2911 munemm,

264 2941 342 3016 'quod
352 2949 415 3002 tam
430 2943 559 3017 speciosa
579 2942 654 3002 dona
673 2942 756 3001 nobis
774 2944 926 3018 largiatur,
950 2947 983 3002 nt
1003 2949 1048 3004 ast
1066 2920 1227 3020 prophetiae
1250 2945 1365 3019 donum,
1386 2944 1428 3003 de

264 3065 333 3108 num
348 3051 514 3132 sanationis,
538 3048 643 3108 donum
658 3050 836 3122 constantia,
859 3046 928 3109 fidei
943 3054 997 3108 otc.
1033 3045 1211 3109 Non'tamen
1230 3052 1361 3110 omnibus
1374 3049 1428 3108 hac

264 3154 339 3214 dona
354 3156 484 3228 largitur,
509 3153 560 3238 sed
575 3155 693 3229 singulis
708 3161 794 3227 prom
808 3155 869 3214 vult
884 3154 993 3214 dividit.
1031 3155 1086 3214 Hic
1100 3143 1198 3218 ¹anatem
1219 3157 1351 3231 coarguit
1368 3154 1426 3214 doc·

265 3261 383 3344 trinam,
408 3277 465 3331 qua
487 3259 607 3332 papistae
620 3249 666 3318 'de
688 3257 866 3334 benignitate
888 3258 945 3318 Dei
967 3260 1095 3319 homiues
1117 3260 1382 3333 dubitarejnbent,
1403 3261 1427 3315 et

264 3380 337 3434 eam,
361 3364 411 3435 ait,
436 3379 472 3421 ex
486 3369 569 3436 patre
584 3364 797 3434 mendaciorum
818 3359 938 3441 diabolo
954 3361 1025 3424 ess'a.
1063 3366 1136 3424 Item
1154 3365 1234 3448 quod
1251 3366 1306 3426 hoc
1323 3379 1426 3425 sacrum

264 3483 387 3542 pneuma
403 3451 465 3526 cnm
481 3474 563 3542 patre
579 3473 609 3527 et
622 3466 681 3528 filio
697 3470 726 3526 in
742 3485 799 3526 una
814 3474 844 3527 et
858 3471 957 3529 cadem
978 3471 1086 3531 deitate
1105 3470 1283 3554 adorandum
1299 3474 1345 3532 sit.
1381 3466 1425 3526 Cui

265 3590 379 3647 semper
394 3573 431 3632 sit
451 3573 514 3634 laus
536 3577 565 3631 et
584 3561 676 3633 bonor
696 3579 725 3632 et
745 3575 846 3648 gloria.
886 3561 1004 3636 Clausit
1014 3581 1108 3636 autem
1132 3579 1296 3637 concionem
1317 3577 1425 3636 collecta

235 3669 239 3674 ”
263 3686 292 3756 ιι
307 3689 393 3740 orans
408 3695 461 3754 pro
481 3695 560 3739 more
575 3680 649 3738 Mith
665 3679 740 3749 denn¹
755 3679 946 3757 Ehehaltenn.
976 3681 1049 3754 Veni
1060 3699 1135 3758 ergo
1150 3689 1294 3742 ocreator
1308 3683 1424 3758 spiritus,

263 3786 427 3874 consolator
442 3785 629 3860 manentium,
652 3786 765 3844 illustra
788 3792 818 3846 ιι
837 3773 907 3864 rege
927 3789 1037 3846 mentes
1059 3793 1173 3848 cosmas
1195 3789 1226 3846 in
1243 3788 1288 3846 his
1308 3785 1424 3848 tenebris

263 3894 293 3948 ιι
306 3890 578 3968 perturbationibus,
594 3897 626 3950 ut
642 3890 787 3950 Christum
801 3891 900 3950 desum
914 3907 983 3951 vere
998 3908 1153 3975 agnoscere
1168 3899 1198 3952 et
1212 3894 1243 3952 in
1258 3894 1320 3966 ejus
1335 3867 1422 3965 cogni·

261 3995 341 4052 tione
356 3993 482 4069 undique
496 3995 581 4056 modo
596 3996 769 4056 instantibus
789 3997 924 4070 periculis
943 4007 1112 4070 permanere
1131 3997 1287 4058 valeamus.
1321 3997 1423 4071 Adiuro

262 4100 386 4173 gemitus
400 4107 513 4176 nostros
528 4106 560 4160 ιιι
579 4118 641 4160 cum
660 4101 764 4160 fiducia
786 4102 937 4162 clamemus
957 4103 1040 4162 abba
1059 4109 1152 4178 pater,
1176 4104 1360 4164 conscientias
1377 4115 1421 4158 no

262 4208 338 4262 stras
352 4201 409 4261 fide
425 4208 453 4262 ιι
468 4197 621 4280 patientia,
631 4223 667 4265 ne
683 4207 896 4266 succumbamus
912 4223 1008 4266 coram
1022 4209 1154 4283 rugiente
1170 4210 1262 4283 laone,
1279 4207 1421 4268 corrobora

262 4313 291 4368 et
311 4307 425 4368 causam
440 4316 567 4376 nostram
587 4312 626 4370 ad
639 4313 760 4372 nominis
775 4311 831 4370 Dei
852 4313 987 4387 gloriam,
1012 4311 1203 4388 subjectorum
1225 4311 1377 4388 profectum
1396 4313 1420 4366 et

262 4405 494 4475 animaeuostrae
514 4397 639 4476 salutem
662 4416 779 4492 dispone
787 4427 809 4490 ,*
825 4418 873 4490 qui
900 4419 971 4477 vivis
999 4423 1029 4478 ιι
1051 4413 1243 4502 ιιςιιι,ἰιιιι
1265 4419 1326 4478 Deo
1348 4419 1419 4491 patre

262 4521 382 4592 Deoqne
397 4519 457 4578 filio
471 4521 550 4580 Deus
565 4516 646 4580 vivos
662 4527 691 4580 ιι
705 4531 788 4580 unns.
819 4499 920 4580 Amen.
1030 4495 1039 4512 ²
1190 4526 1193 4530 '
