3046 5104
712 445 775 510 139

148 605 324 704 plectuntur,
343 645 406 688 cum
421 629 543 694 maxime
557 628 671 688 intersit
685 643 793 702 eorum,
819 627 868 701 qui
884 627 921 686 ad
936 627 1129 701 gubernacula
1144 627 1253 702 sedant,
1269 644 1322 702 pu·

149 735 207 792 uiri
222 735 286 793 haec
306 735 429 794 scelera:
465 733 523 794 Sed
544 735 614 807 quid
634 733 747 794 dicam?
770 734 823 805 ait3
848 747 895 792 res
914 738 984 792 cunt
1002 737 1034 790 ιι
1054 739 1172 806 possunt
1196 733 1325 810 (nolebat

149 840 225 897 enim
242 841 415 898 camerinam
430 839 508 898 illam
523 839 672 899 iberorum
688 845 717 898 et
726 835 933 896 Germanorum
950 853 1063 914 quoque
1078 839 1171 896 acrius
1186 839 1322 915 movere),

150 945 319 1042 ιιιιιιιιιι
335 959 448 1016 quoque
464 945 597 1018 apposita
613 944 748 1003 antithesi
764 943 828 1002 de
820 947 909 1002 rraet
924 944 1119 1035 contentione,
1136 945 1322 1019 potissimum,
1352 925 1361 932 ’

147 1065 214 1107 eum
229 1049 318 1107 simus
333 1045 385 1106 lilii
399 1049 477 1121 pacis
493 1054 522 1108 ιι
537 1047 713 1122 concordiae,
739 1063 775 1106 ne
797 1044 879 1106 irena
901 1026 982 1120 carni
998 1054 1104 1107 nostrae
1119 1048 1322 1123 relaxaremus,

148 1150 416 1214 commonefaciens
455 1153 568 1214 Nam
546 1169 570 1212 ιι
585 1153 627 1211 illi
641 1153 831 1225 blandiamur,
855 1158 936 1212 certe
950 1153 1113 1212 discurret
1105 1171 1135 1212 m
1151 1170 1233 1213 omne
1247 1171 1322 1228 prae-

148 1263 269 1332 ruptum
284 1262 314 1316 et
329 1273 457 1332 praeceps
471 1259 615 1318 vitiorum.
650 1257 707 1317 Sed
721 1259 740 1316 J
742 1271 820 1316 ιιιιι
837 1255 980 1316 Christum
1004 1259 1154 1332 imitemur,
1179 1258 1255 1331 quod
1271 1276 1322 1318 no·

148 1364 193 1424 bis
206 1379 261 1437 per
279 1363 397 1422 eundem
423 1363 556 1422 dilectum
578 1362 666 1422 lilium
689 1379 771 1422 suum
794 1367 877 1436 pater
899 1363 1024 1444 coelestis
1046 1363 1146 1437 largiri
1170 1368 1199 1422 ιι
1221 1363 1250 1422 ιιι
1265 1365 1322 1437 spi-

148 1469 210 1526 ritu
227 1485 250 1526 s.
267 1483 319 1528 suo
335 1484 435 1542 regere
451 1466 539 1530 corda
554 1475 653 1528 nostra
669 1468 812 1544 dignetur.
836 1469 938 1528 Amen.

242 1573 353 1634 Eadem
369 1573 524 1635 Chumado
540 1591 558 1632 a
574 1573 748 1634 Sohonstadt
770 1574 883 1632 litteras
907 1572 945 1632 ad
960 1573 1103 1633 dominam
1118 1589 1239 1649 socrum,
1256 1575 1322 1634 cha·

124 1677 214 1738 '‘ram
230 1679 378 1752 conjugem
399 1684 428 1738 ιι
449 1683 564 1739 nostros
586 1679 662 1738 domi
682 1680 798 1740 relictos
821 1680 958 1739 dedimus.
998 1679 1134 1740 Glaserus
1157 1697 1271 1756 quoquc
1286 1683 1323 1742 ad

148 1783 412 1858 Hennebergenses
427 1785 571 1858 principes
586 1785 763 1858 perscripsit.
787 1783 935 1843 Liberium
951 1784 988 1844 ad
999 1787 1133 1844 ”comitem
1140 1786 1322 1845 Wilhelmum

152 1891 292 1950 misimus.

242 1994 329 2053 Venit
344 1993 459 2054 Samuel
480 2010 569 2068 nepos
592 1999 691 2054 noster
714 1993 757 2054 illi
775 2011 793 2053 a
811 1993 917 2052 nuncio
939 1991 1087 2052 cattarum
1099 1995 1248 2068 'principis
1263 1997 1322 2069 jam

151 2107 214 2160 tum
229 2103 260 2160 in
275 2100 372 2174 platea
387 2098 577 2174 presentibus
600 2102 702 2159 comite
717 2099 870 2159 Wilhelmo
891 2115 908 2156 a
923 2097 1036 2157 Nassau
1058 2103 1087 2156 et
1105 2099 1217 2158 Joannc
1231 2099 1321 2160 Rhet-

151 2208 254 2280 bergio
269 2203 376 2264 dictum
392 2221 471 2279 esse,
488 2204 630 2264 dominam
645 2183 804 2280 prinoipem
819 2205 857 2262 ad
871 2205 1005 2263 maritum
1021 2204 1234 2280 landtgravium
1250 2223 1321 2264 non-

152 2314 221 2372 dum
235 2311 402 2382 admissam,
424 2310 480 2395 sed
495 2327 555 2368 non
566 2311 677 2386 ,procul
697 2313 728 2369 iu
743 2310 879 2385 oppidulo
897 2311 981 2383 jnxta
995 2311 1137 2368 Heilbruu
1152 2327 1215 2369 eam
1229 2310 1322 2369 adhuc

138 2417 325 2492 ιιιιιιιιιιι,
348 2416 480 2489 huncque
500 2417 629 2474 nuntium
644 2417 755 2475 misisse
769 2415 1040 2490 adimpetraudum,
1056 2431 1112 2488 quo
1127 2413 1201 2474 liber
1215 2418 1270 2488 ipsi
1284 2415 1321 2476 ad

152 2525 288 2582 maritum
308 2524 385 2581 osset
398 2520 509 2595 aditus,
522 2504 681 2594 ¹secumque
702 2523 882 2582 constituisse
901 2538 937 2580 ex
956 2522 1001 2582 his
1024 2523 1082 2580 oris
1097 2536 1155 2578 uon
1170 2521 1335 2586 excederet.

151 2631 182 2688 ni
198 2625 316 2702 ridendi
331 2627 414 2700 copia
429 2628 456 2684 ei
471 2623 563 2684 ficret.

242 2733 425 2805 OFortuna,
448 2731 591 2805 Fortuna,
607 2735 640 2788 ut
654 2747 706 2790 nos
720 2748 774 2806 pro
789 2729 848 2804 pila
870 2729 968 2788 hahes
1008 2729 1139 2803 Respice,
1155 2729 1323 2804 dominat
1293 2738 1323 2792 ιι

150 2840 305 2909 ιιιιιιιιι;
330 2835 444 2896 modom
459 2835 569 2932 tempus
585 2835 734 2910 surgendi,
750 2836 824 2906 reni,
842 2834 964 2908 ιιοιιίιι,
981 2841 1011 2892 ιι
1021 2836 1120 2908 Jodrca
1134 2839 1256 2896 terram!

241 2940 393 3032 Philippus
409 2943 542 3015 princeps
557 2959 621 3000 cum
636 2941 733 3000 videat
754 2957 784 2998 se
799 2937 924 3011 undique
948 2938 1077 2998 delusum
1093 2955 1129 2998 ιι
1142 2941 1321 3014 impatientia

150 3054 181 3108 et
196 3048 296 3107 morbo
316 3047 460 3122 phraenesi
481 3045 616 3105 laborare
631 3047 776 3104 metuitur
816 3045 888 3119 Spes
908 3043 1077 3104 afflictorum
1092 3045 1171 3104 Deus
1193 3051 1222 3104 et
1210 3047 1278 3104 tilli
1293 3052 1322 3106 ιι

150 3152 234 3242 nobis
250 3151 359 3212 adesto.

240 3257 396 3317 Mauritius
412 3256 470 3316 dax
485 3257 618 3316 Saxouiae
634 3261 664 3316 ιι
678 3272 767 3332 gener
781 3255 847 3316 Catt
822 3261 930 3316 tiorum
944 3257 1081 3330 principis
1097 3255 1246 3316 simulator
1261 3273 1319 3316 ma·

152 3364 246 3422 ximus
261 3355 441 3422 consiliarios
456 3377 522 3421 suos
537 3363 641 3421 sensim
657 3379 675 3421 a
690 3361 806 3422 domina
820 3363 950 3438 principe
965 3366 1079 3422 amovit.

158 3462 162 3468 ’
240 3467 352 3526 Eadem
366 3468 542 3536 licentiatum
557 3467 706 3528 Nicolaum
721 3461 817 3528 Mater
832 3469 987 3528 irrisimus.

241 3571 342 3632 Comes
358 3587 376 3631 a
390 3573 505 3632 Nasson
519 3573 574 3632 hoo
589 3572 636 3634 dic
651 3590 713 3632 cum
729 3572 895 3650 proceribus
911 3573 1020 3647 aliquot
1035 3574 1147 3647 aulicis,
1165 3591 1236 3646 quos
1252 3591 1319 3634 con-

149 3679 227 3736 vivio
243 3682 415 3752 excepturus
430 3685 508 3751 erat,
522 3677 566 3737 -de
589 3680 705 3754 negotio
720 3685 820 3737 nostro
844 3695 930 3750 agere
946 3680 1045 3738 voluit.
1084 3678 1141 3736 Sed
1156 3684 1257 3752 postea
1271 3697 1320 3737 ex-

148 3783 226 3858 perti
247 3799 344 3841 sumus
363 3784 505 3842 neminem
528 3785 606 3842 inter
626 3799 802 3843 caesareanos
824 3799 900 3856 esse,
922 3785 971 3886 qui
986 3799 1072 3855 super
1087 3783 1256 3842 contritione
1270 3785 1321 3843 Jo-

148 3887 221 3962 seph
236 3886 423 3961 affligeretur.

238 3984 348 4051 Eadem
365 3990 550 4051 chunradum
565 4008 583 4050 a
599 3991 759 4051 Sohonstad
775 3991 889 4051 domurn
903 3958 1126 4053 amandavimus.

240 4098 367 4156 Joannos
389 4113 407 4156 a
428 4096 588 4188 Sohonstad
604 4095 783 4156 Luderitium
798 4097 946 4156 convenit
952 4085 981 4157 ιι
1005 4099 1080 4158 idem
1103 4093 1183 4158 nohis
1208 4102 1320 4160 obviam

149 4200 253 4260 ittctus
277 4202 493 4260 Permisimus
486 4202 525 4274 igi
525 4205 574 4278 ιιι
525 4201 734 4309 ιιοιιιιιιι
749 4203 921 4316 marchionis
937 4205 1078 4279 electoris,
1102 4207 1126 4264 si
1141 4194 1320 4309 intercedere

148 4323 202 4380 pro
218 4307 301 4366 uobis
318 4306 406 4372 vellet
420 4323 458 4365 au
473 4322 564 4365 secus.
678 4305 682 4316 ‘

221 4410 338 4490 Caesar
359 4424 412 4485 per
435 4410 615 4470 archiducem
630 4411 855 4472 Maximilianum
877 4431 896 4474 a
917 4411 1019 4480 acuatu
1038 4414 1206 4489 Argustana
1228 4416 1319 4489 petiit,

148 4523 181 4595 ιιι
196 4517 221 4576 ιι
237 4513 286 4590 qai
305 4532 341 4574 ex
357 4517 604 4578 concionatoribus
620 4516 662 4579 de
676 4518 790 4578 interim
805 4519 854 4578 illo
869 4517 985 4578 sinistre
1000 4521 1110 4579 locutus
1126 4525 1214 4593 esset,
1235 4521 1318 4581 casti-
