<?xml version="1.0" encoding="UTF-8"?>
<!DOCTYPE html PUBLIC "-//W3C//DTD XHTML 1.0 Transitional//EN"
    "http://www.w3.org/TR/xhtml1/DTD/xhtml1-transitional.dtd">
<html xmlns="http://www.w3.org/1999/xhtml" xml:lang="en" lang="en">
 <head>
  <title>
</title>
<meta http-equiv="Content-Type" content="text/html;charset=utf-8" />
  <meta name='ocr-system' content='tesseract 3.04.00' />
  <meta name='ocr-capabilities' content='ocr_page ocr_carea ocr_par ocr_line ocrx_word'/>
</head>
<body>
  <div class='ocr_page' id='page_1' title='image "./desgrafenwolrad02trosgoog_0164.png"; bbox 0 0 3046 5104; ppageno 0'>
   <div class='ocr_carea' id='block_1_1' title="bbox 675 441 736 508">
    <p class='ocr_par' dir='ltr' id='par_1_1' title="bbox 675 441 736 508">
     <span class='ocr_line' id='line_1_1' title="bbox 675 441 736 508; baseline 0.033 -2"><span class='ocrx_word' id='word_1_1' title='bbox 675 441 736 508; x_wconf 78' lang='grc' dir='ltr'><strong>ι53</strong></span> 
     </span>
    </p>
   </div>
   <div class='ocr_carea' id='block_1_2' title="bbox 103 617 1289 4557">
    <p class='ocr_par' dir='ltr' id='par_1_2' title="bbox 112 617 1287 798">
     <span class='ocr_line' id='line_1_2' title="bbox 112 617 1287 704; baseline 0.008 -25"><span class='ocrx_word' id='word_1_2' title='bbox 112 637 172 694; x_wconf 85' lang='lat' dir='ltr'><strong>qne</strong></span> <span class='ocrx_word' id='word_1_3' title='bbox 186 617 289 680; x_wconf 76' lang='lat' dir='ltr'>fritillo</span> <span class='ocrx_word' id='word_1_4' title='bbox 304 626 416 694; x_wconf 88' lang='lat' dir='ltr'><strong>tempus</strong></span> <span class='ocrx_word' id='word_1_5' title='bbox 431 628 497 678; x_wconf 84' lang='lat' dir='ltr'><strong>cunt</strong></span> <span class='ocrx_word' id='word_1_6' title='bbox 508 619 659 694; x_wconf 72' lang='lat' dir='ltr'><strong>velhergk</strong></span> <span class='ocrx_word' id='word_1_7' title='bbox 679 628 709 682; x_wconf 91' lang='lat' dir='ltr'><strong>et</strong></span> <span class='ocrx_word' id='word_1_8' title='bbox 727 621 873 696; x_wconf 88' lang='lat' dir='ltr'><strong>Stephano</strong></span> <span class='ocrx_word' id='word_1_9' title='bbox 894 621 1005 699; x_wconf 85' lang='lat' dir='ltr'><strong>fefellit,</strong></span> <span class='ocrx_word' id='word_1_10' title='bbox 1029 627 1099 686; x_wconf 85' lang='lat' dir='ltr'><strong>nihil</strong></span> <span class='ocrx_word' id='word_1_11' title='bbox 1119 633 1215 688; x_wconf 86' lang='lat' dir='ltr'><strong>tamen</strong></span> <span class='ocrx_word' id='word_1_12' title='bbox 1236 647 1287 704; x_wconf 92' lang='lat' dir='ltr'><strong>pc·</strong></span> 
     </span>
     <span class='ocr_line' id='line_1_3' title="bbox 113 723 685 798; baseline 0.002 -14"><span class='ocrx_word' id='word_1_13' title='bbox 113 729 222 798; x_wconf 65' lang='lat' dir='ltr'><strong>tatum,</strong></span> <span class='ocrx_word' id='word_1_14' title='bbox 244 723 295 784; x_wconf 89' lang='lat' dir='ltr'><strong>sed</strong></span> <span class='ocrx_word' id='word_1_15' title='bbox 309 725 509 785; x_wconf 85' lang='lat' dir='ltr'><strong>honestissime</strong></span> <span class='ocrx_word' id='word_1_16' title='bbox 524 724 617 782; x_wconf 86' lang='lat' dir='ltr'><strong>lusum</strong></span> <span class='ocrx_word' id='word_1_17' title='bbox 633 731 685 785; x_wconf 90' lang='lat' dir='ltr'><strong>est.</strong></span> 
     </span>
    </p>

    <p class='ocr_par' dir='ltr' id='par_1_3' title="bbox 109 820 1288 1112">
     <span class='ocr_line' id='line_1_4' title="bbox 201 820 1288 908; baseline 0.008 -18"><span class='ocrx_word' id='word_1_18' title='bbox 201 829 333 890; x_wconf 76' lang='lat' dir='ltr'><strong>Instante</strong></span> <span class='ocrx_word' id='word_1_19' title='bbox 356 829 429 888; x_wconf 87' lang='lat' dir='ltr'><strong>hora</strong></span> <span class='ocrx_word' id='word_1_20' title='bbox 452 845 542 888; x_wconf 77' lang='lat' dir='ltr'><strong>coenm</strong></span> <span class='ocrx_word' id='word_1_21' title='bbox 565 820 666 890; x_wconf 76' lang='lat' dir='ltr'><strong>rursus</strong></span> <span class='ocrx_word' id='word_1_22' title='bbox 689 831 767 890; x_wconf 88' lang='lat' dir='ltr'><strong>laute</strong></span> <span class='ocrx_word' id='word_1_23' title='bbox 791 832 912 891; x_wconf 86' lang='lat' dir='ltr'><strong>viximus</strong></span> <span class='ocrx_word' id='word_1_24' title='bbox 935 849 987 891; x_wconf 89' lang='lat' dir='ltr'><strong>nec</strong></span> <span class='ocrx_word' id='word_1_25' title='bbox 1010 835 1161 908; x_wconf 89' lang='lat' dir='ltr'><strong>quisquam</strong></span> <span class='ocrx_word' id='word_1_26' title='bbox 1183 855 1288 899; x_wconf 78' lang='lat' dir='ltr'><strong>mensae</strong></span> 
     </span>
     <span class='ocr_line' id='line_1_5' title="bbox 110 933 1287 1014; baseline 0.008 -21"><span class='ocrx_word' id='word_1_27' title='bbox 110 933 323 1008; x_wconf 88' lang='lat' dir='ltr'><strong>archiepiscopi</strong></span> <span class='ocrx_word' id='word_1_28' title='bbox 338 937 445 1006; x_wconf 77' lang='lat' dir='ltr'><strong>preter</strong></span> <span class='ocrx_word' id='word_1_29' title='bbox 460 949 518 1008; x_wconf 78' lang='lat' dir='ltr'><strong>eor,</strong></span> <span class='ocrx_word' id='word_1_30' title='bbox 543 935 637 1007; x_wconf 87' lang='lat' dir='ltr'><strong>quiin</strong></span> <span class='ocrx_word' id='word_1_31' title='bbox 652 938 787 996; x_wconf 88' lang='lat' dir='ltr'><strong>comitatu</strong></span> <span class='ocrx_word' id='word_1_32' title='bbox 802 936 947 996; x_wconf 89' lang='lat' dir='ltr'><strong>Wilhelmi</strong></span> <span class='ocrx_word' id='word_1_33' title='bbox 962 937 1085 1014; x_wconf 81' lang='lat' dir='ltr'><strong>meram,</strong></span> <span class='ocrx_word' id='word_1_34' title='bbox 1108 941 1287 1002; x_wconf 87' lang='lat' dir='ltr'><strong>assederunt.</strong></span> 
     </span>
     <span class='ocr_line' id='line_1_6' title="bbox 109 1035 1173 1112; baseline 0.008 -16"><span class='ocrx_word' id='word_1_35' title='bbox 109 1038 250 1098; x_wconf 87' lang='lat' dir='ltr'><strong>Potatum</strong></span> <span class='ocrx_word' id='word_1_36' title='bbox 266 1035 380 1110; x_wconf 88' lang='lat' dir='ltr'><strong>quidem</strong></span> <span class='ocrx_word' id='word_1_37' title='bbox 396 1044 440 1096; x_wconf 91' lang='lat' dir='ltr'><strong>est</strong></span> <span class='ocrx_word' id='word_1_38' title='bbox 454 1038 572 1112; x_wconf 81' lang='lat' dir='ltr'><strong>largius,</strong></span> <span class='ocrx_word' id='word_1_39' title='bbox 595 1039 637 1096; x_wconf 90' lang='lat' dir='ltr'><strong>ita</strong></span> <span class='ocrx_word' id='word_1_40' title='bbox 651 1044 747 1098; x_wconf 86' lang='lat' dir='ltr'><strong>tamen</strong></span> <span class='ocrx_word' id='word_1_41' title='bbox 763 1047 795 1098; x_wconf 89' lang='lat' dir='ltr'><strong>ut</strong></span> <span class='ocrx_word' id='word_1_42' title='bbox 810 1041 909 1099; x_wconf 86' lang='lat' dir='ltr'><strong>modus</strong></span> <span class='ocrx_word' id='word_1_43' title='bbox 924 1041 1118 1104; x_wconf 85' lang='lat' dir='ltr'><strong>adhiberetur.</strong></span> <span class='ocrx_word' id='word_1_44' title='bbox 1171 1081 1173 1088; x_wconf 92' lang='lat'>·</span> 
     </span>
    </p>

    <p class='ocr_par' dir='ltr' id='par_1_4' title="bbox 103 1141 1289 2362">
     <span class='ocr_line' id='line_1_7' title="bbox 201 1141 1289 1222; baseline 0.01 -23"><span class='ocrx_word' id='word_1_45' title='bbox 201 1142 231 1199; x_wconf 89' lang='lat' dir='ltr'>A</span> <span class='ocrx_word' id='word_1_46' title='bbox 246 1158 329 1200; x_wconf 86' lang='lat' dir='ltr'><strong>coena</strong></span> <span class='ocrx_word' id='word_1_47' title='bbox 344 1141 574 1216; x_wconf 77' lang='lat' dir='ltr'><strong>archiepiscopus</strong></span> <span class='ocrx_word' id='word_1_48' title='bbox 590 1143 773 1202; x_wconf 89' lang='lat' dir='ltr'><strong>Wilhelmnm</strong></span> <span class='ocrx_word' id='word_1_49' title='bbox 794 1145 924 1203; x_wconf 90' lang='lat' dir='ltr'><strong>comitem</strong></span> <span class='ocrx_word' id='word_1_50' title='bbox 942 1148 980 1206; x_wconf 89' lang='lat' dir='ltr'><strong>ad</strong></span> <span class='ocrx_word' id='word_1_51' title='bbox 999 1163 1114 1211; x_wconf 86' lang='lat' dir='ltr'><strong>currum</strong></span> <span class='ocrx_word' id='word_1_52' title='bbox 1134 1165 1224 1222; x_wconf 86' lang='lat' dir='ltr'><strong>usque</strong></span> <span class='ocrx_word' id='word_1_53' title='bbox 1239 1150 1289 1210; x_wconf 87' lang='lat' dir='ltr'><strong>de-</strong></span> 
     </span>
     <span class='ocr_line' id='line_1_8' title="bbox 110 1245 1287 1327; baseline 0.008 -22"><span class='ocrx_word' id='word_1_54' title='bbox 110 1245 203 1306; x_wconf 87' lang='lat' dir='ltr'><strong>duxit.</strong></span> <span class='ocrx_word' id='word_1_55' title='bbox 237 1246 309 1304; x_wconf 86' lang='lat' dir='ltr'><strong>Iride</strong></span> <span class='ocrx_word' id='word_1_56' title='bbox 324 1250 354 1304; x_wconf 87' lang='lat' dir='ltr'><strong>ot</strong></span> <span class='ocrx_word' id='word_1_57' title='bbox 368 1261 421 1304; x_wconf 91' lang='lat' dir='ltr'><strong>nos</strong></span> <span class='ocrx_word' id='word_1_58' title='bbox 440 1245 655 1320; x_wconf 89' lang='lat' dir='ltr'><strong>archiepiscopo</strong></span> <span class='ocrx_word' id='word_1_59' title='bbox 675 1247 867 1308; x_wconf 77' lang='lat' dir='ltr'><strong>valedicentes</strong></span> <span class='ocrx_word' id='word_1_60' title='bbox 886 1251 1056 1323; x_wconf 77' lang='lat' dir='ltr'><strong>rogabamus</strong></span> <span class='ocrx_word' id='word_1_61' title='bbox 1075 1258 1116 1327; x_wconf 90' lang='grc' dir='ltr'>ιιι,</span> <span class='ocrx_word' id='word_1_62' title='bbox 1141 1254 1218 1326; x_wconf 90' lang='lat' dir='ltr'><strong>quod</strong></span> <span class='ocrx_word' id='word_1_63' title='bbox 1240 1271 1287 1314; x_wconf 90' lang='lat' dir='ltr'><strong>co·</strong></span> 
     </span>
     <span class='ocr_line' id='line_1_9' title="bbox 109 1341 1288 1433; baseline 0.009 -25"><span class='ocrx_word' id='word_1_64' title='bbox 109 1367 172 1409; x_wconf 88' lang='lat' dir='ltr'><strong>mes</strong></span> <span class='ocrx_word' id='word_1_65' title='bbox 194 1341 366 1410; x_wconf 87' lang='lat' dir='ltr'><strong>Wilhelmas</strong></span> <span class='ocrx_word' id='word_1_66' title='bbox 388 1351 479 1408; x_wconf 86' lang='lat' dir='ltr'><strong>nostri</strong></span> <span class='ocrx_word' id='word_1_67' title='bbox 502 1352 617 1410; x_wconf 84' lang='lat' dir='ltr'><strong>nomine</strong></span> <span class='ocrx_word' id='word_1_68' title='bbox 637 1351 674 1410; x_wconf 90' lang='lat' dir='ltr'><strong>ab</strong></span> <span class='ocrx_word' id='word_1_69' title='bbox 696 1367 729 1410; x_wconf 90' lang='lat' dir='ltr'><strong>eo</strong></span> <span class='ocrx_word' id='word_1_70' title='bbox 752 1353 886 1426; x_wconf 75' lang='lat' dir='ltr'><strong>petierat,</strong></span> <span class='ocrx_word' id='word_1_71' title='bbox 907 1361 1047 1426; x_wconf 78' lang='lat' dir='ltr'><strong>prestare</strong></span> <span class='ocrx_word' id='word_1_72' title='bbox 1065 1359 1162 1423; x_wconf 87' lang='lat' dir='ltr'><strong>vallet.</strong></span> <span class='ocrx_word' id='word_1_73' title='bbox 1202 1343 1288 1433; x_wconf 85' lang='lat' dir='ltr'><strong>Spem</strong></span> 
     </span>
     <span class='ocr_line' id='line_1_10' title="bbox 103 1445 1288 1532; baseline 0.008 -20"><span class='ocrx_word' id='word_1_74' title='bbox 103 1453 217 1514; x_wconf 88' lang='lat' dir='ltr'><strong>&#39;bonam</strong></span> <span class='ocrx_word' id='word_1_75' title='bbox 233 1455 321 1514; x_wconf 83' lang='lat' dir='ltr'><strong>dedit.</strong></span> <span class='ocrx_word' id='word_1_76' title='bbox 353 1445 521 1514; x_wconf 83' lang='lat' dir='ltr'><strong>Conscensis</strong></span> <span class='ocrx_word' id='word_1_77' title='bbox 536 1455 624 1528; x_wconf 81' lang='lat' dir='ltr'><strong>igitur</strong></span> <span class='ocrx_word' id='word_1_78' title='bbox 639 1455 719 1528; x_wconf 88' lang='lat' dir='ltr'><strong>equis</strong></span> <span class='ocrx_word' id='word_1_79' title='bbox 734 1457 892 1531; x_wconf 81' lang='lat' dir='ltr'><strong>Augustam</strong></span> <span class='ocrx_word' id='word_1_80' title='bbox 907 1460 1070 1532; x_wconf 90' lang='lat' dir='ltr'><strong>repetimus.</strong></span> <span class='ocrx_word' id='word_1_81' title='bbox 1101 1461 1177 1521; x_wconf 89' lang='lat' dir='ltr'><strong>Dum</strong></span> <span class='ocrx_word' id='word_1_82' title='bbox 1192 1469 1288 1524; x_wconf 86' lang='lat' dir='ltr'><strong>autern</strong></span> 
     </span>
     <span class='ocr_line' id='line_1_11' title="bbox 108 1559 1286 1642; baseline 0.007 -24"><span class='ocrx_word' id='word_1_83' title='bbox 108 1559 147 1618; x_wconf 89' lang='lat' dir='ltr'><strong>ad</strong></span> <span class='ocrx_word' id='word_1_84' title='bbox 168 1559 360 1620; x_wconf 89' lang='lat' dir='ltr'><strong>Wernitziam</strong></span> <span class='ocrx_word' id='word_1_85' title='bbox 379 1575 490 1618; x_wconf 88' lang='lat' dir='ltr'><strong>amnem</strong></span> <span class='ocrx_word' id='word_1_86' title='bbox 512 1560 654 1633; x_wconf 78' lang='lat' dir='ltr'><strong>venimus,</strong></span> <span class='ocrx_word' id='word_1_87' title='bbox 677 1561 800 1618; x_wconf 87' lang='lat' dir='ltr'><strong>rusticus</strong></span> <span class='ocrx_word' id='word_1_88' title='bbox 823 1561 938 1634; x_wconf 87' lang='lat' dir='ltr'><strong>qnidam</strong></span> <span class='ocrx_word' id='word_1_89' title='bbox 960 1563 1042 1624; x_wconf 82' lang='lat' dir='ltr'><strong>nobis</strong></span> <span class='ocrx_word' id='word_1_90' title='bbox 1064 1565 1176 1626; x_wconf 88' lang='lat' dir='ltr'><strong>obviam</strong></span> <span class='ocrx_word' id='word_1_91' title='bbox 1197 1569 1286 1642; x_wconf 83' lang='lat' dir='ltr'><strong>venit,</strong></span> 
     </span>
     <span class='ocr_line' id='line_1_12' title="bbox 109 1645 1288 1741; baseline 0.008 -20"><span class='ocrx_word' id='word_1_92' title='bbox 109 1679 294 1737; x_wconf 86' lang='lat' dir='ltr'><strong>praemonens</strong></span> <span class='ocrx_word' id='word_1_93' title='bbox 308 1663 383 1722; x_wconf 88' lang='lat' dir='ltr'><strong>vada</strong></span> <span class='ocrx_word' id='word_1_94' title='bbox 397 1645 521 1740; x_wconf 84' lang='lat' dir='ltr'><strong>fluminis</strong></span> <span class='ocrx_word' id='word_1_95' title='bbox 537 1664 728 1724; x_wconf 80' lang='lat' dir='ltr'><strong>exundatione</strong></span> <span class='ocrx_word' id='word_1_96' title='bbox 743 1681 883 1738; x_wconf 85' lang='lat' dir='ltr'><strong>aquarum</strong></span> <span class='ocrx_word' id='word_1_97' title='bbox 899 1665 1015 1741; x_wconf 87' lang='lat' dir='ltr'><strong>dirupta</strong></span> <span class='ocrx_word' id='word_1_98' title='bbox 1032 1685 1104 1728; x_wconf 87' lang='lat' dir='ltr'><strong>esse.</strong></span> <span class='ocrx_word' id='word_1_99' title='bbox 1135 1671 1288 1732; x_wconf 81' lang='lat' dir='ltr'><strong>Nemeum</strong></span> 
     </span>
     <span class='ocr_line' id='line_1_13' title="bbox 108 1766 1287 1846; baseline 0.005 -18"><span class='ocrx_word' id='word_1_100' title='bbox 108 1784 144 1828; x_wconf 90' lang='lat' dir='ltr'><strong>co</strong></span> <span class='ocrx_word' id='word_1_101' title='bbox 166 1769 217 1826; x_wconf 90' lang='lat' dir='ltr'><strong>die</strong></span> <span class='ocrx_word' id='word_1_102' title='bbox 239 1768 341 1826; x_wconf 86' lang='lat' dir='ltr'><strong>coslum</strong></span> <span class='ocrx_word' id='word_1_103' title='bbox 365 1766 467 1826; x_wconf 87' lang='lat' dir='ltr'><strong>sudum</strong></span> <span class='ocrx_word' id='word_1_104' title='bbox 490 1773 565 1826; x_wconf 90' lang='lat' dir='ltr'><strong>esset</strong></span> <span class='ocrx_word' id='word_1_105' title='bbox 586 1773 615 1828; x_wconf 92' lang='lat' dir='ltr'><strong>et</strong></span> <span class='ocrx_word' id='word_1_106' title='bbox 636 1769 704 1827; x_wconf 93' lang='lat' dir='ltr'><strong>solis</strong></span> <span class='ocrx_word' id='word_1_107' title='bbox 725 1770 860 1841; x_wconf 87' lang='lat' dir='ltr'><strong>splendor</strong></span> <span class='ocrx_word' id='word_1_108' title='bbox 879 1772 982 1845; x_wconf 85' lang='lat' dir='ltr'><strong>acrior,</strong></span> <span class='ocrx_word' id='word_1_109' title='bbox 1006 1774 1111 1846; x_wconf 81' lang='lat' dir='ltr'><strong>alpinae</strong></span> <span class='ocrx_word' id='word_1_110' title='bbox 1134 1777 1212 1834; x_wconf 85' lang='lat' dir='ltr'><strong>nives</strong></span> <span class='ocrx_word' id='word_1_111' title='bbox 1227 1777 1287 1836; x_wconf 91' lang='lat' dir='ltr'><strong>sole</strong></span> 
     </span>
     <span class='ocr_line' id='line_1_14' title="bbox 108 1863 1288 1950; baseline 0.005 -18"><span class='ocrx_word' id='word_1_112' title='bbox 108 1863 250 1932; x_wconf 86' lang='lat' dir='ltr'><strong>confectae</strong></span> <span class='ocrx_word' id='word_1_113' title='bbox 265 1871 296 1929; x_wconf 91' lang='lat' dir='ltr'><strong>in</strong></span> <span class='ocrx_word' id='word_1_114' title='bbox 311 1873 421 1944; x_wconf 88' lang='lat' dir='ltr'><strong>Lycum</strong></span> <span class='ocrx_word' id='word_1_115' title='bbox 436 1870 596 1936; x_wconf 83' lang='lat' dir='ltr'><strong>diffluentes</strong></span> <span class='ocrx_word' id='word_1_116' title='bbox 612 1873 642 1932; x_wconf 90' lang='lat' dir='ltr'><strong>in</strong></span> <span class='ocrx_word' id='word_1_117' title='bbox 657 1881 767 1934; x_wconf 86' lang='lat' dir='ltr'><strong>ceteros</strong></span> <span class='ocrx_word' id='word_1_118' title='bbox 782 1871 882 1934; x_wconf 86' lang='lat' dir='ltr'><strong>fluvios</strong></span> <span class='ocrx_word' id='word_1_119' title='bbox 898 1891 929 1932; x_wconf 91' lang='lat' dir='ltr'><strong>se</strong></span> <span class='ocrx_word' id='word_1_120' title='bbox 944 1883 1146 1950; x_wconf 86' lang='lat' dir='ltr'><strong>exonerarunt,</strong></span> <span class='ocrx_word' id='word_1_121' title='bbox 1166 1884 1196 1938; x_wconf 89' lang='lat' dir='ltr'><strong>ot</strong></span> <span class='ocrx_word' id='word_1_122' title='bbox 1210 1879 1288 1938; x_wconf 88' lang='lat' dir='ltr'><strong>intra</strong></span> 
     </span>
     <span class='ocr_line' id='line_1_15' title="bbox 107 1971 1287 2054; baseline 0.004 -18"><span class='ocrx_word' id='word_1_123' title='bbox 107 1993 233 2049; x_wconf 86' lang='lat' dir='ltr'><strong>parvum</strong></span> <span class='ocrx_word' id='word_1_124' title='bbox 248 1976 302 2034; x_wconf 93' lang='lat' dir='ltr'><strong>hoc</strong></span> <span class='ocrx_word' id='word_1_125' title='bbox 316 1971 453 2051; x_wconf 82' lang='lat' dir='ltr'><strong>temporis</strong></span> <span class='ocrx_word' id='word_1_126' title='bbox 473 1978 604 2051; x_wconf 87' lang='lat' dir='ltr'><strong>spatium,</strong></span> <span class='ocrx_word' id='word_1_127' title='bbox 629 1994 686 2050; x_wconf 89' lang='lat' dir='ltr'><strong>quo</strong></span> <span class='ocrx_word' id='word_1_128' title='bbox 705 1979 735 2036; x_wconf 89' lang='lat' dir='ltr'><strong>in</strong></span> <span class='ocrx_word' id='word_1_129' title='bbox 750 1978 874 2052; x_wconf 81' lang='lat' dir='ltr'><strong>Velberg</strong></span> <span class='ocrx_word' id='word_1_130' title='bbox 889 1979 1052 2054; x_wconf 79' lang='lat' dir='ltr'><strong>agebamus,</strong></span> <span class='ocrx_word' id='word_1_131' title='bbox 1075 1979 1180 2040; x_wconf 90' lang='lat' dir='ltr'><strong>flumen</strong></span> <span class='ocrx_word' id='word_1_132' title='bbox 1199 1998 1287 2041; x_wconf 87' lang='lat' dir='ltr'><strong>exun-</strong></span> 
     </span>
     <span class='ocr_line' id='line_1_16' title="bbox 108 2078 1287 2157; baseline 0.004 -17"><span class='ocrx_word' id='word_1_133' title='bbox 108 2081 174 2140; x_wconf 83' lang='lat' dir='ltr'><strong>dari</strong></span> <span class='ocrx_word' id='word_1_134' title='bbox 189 2078 328 2139; x_wconf 85' lang='lat' dir='ltr'><strong>iecerant.</strong></span> <span class='ocrx_word' id='word_1_135' title='bbox 359 2082 452 2153; x_wconf 82' lang='lat' dir='ltr'><strong>Igitur</strong></span> <span class='ocrx_word' id='word_1_136' title='bbox 473 2097 567 2139; x_wconf 91' lang='lat' dir='ltr'><strong>comes</strong></span> <span class='ocrx_word' id='word_1_137' title='bbox 588 2081 756 2140; x_wconf 87' lang='lat' dir='ltr'><strong>Wilhelmns</strong></span> <span class='ocrx_word' id='word_1_138' title='bbox 776 2098 892 2140; x_wconf 86' lang='lat' dir='ltr'><strong>ecurrn</strong></span> <span class='ocrx_word' id='word_1_139' title='bbox 908 2087 937 2141; x_wconf 92' lang='lat' dir='ltr'><strong>et</strong></span> <span class='ocrx_word' id='word_1_140' title='bbox 956 2099 1009 2142; x_wconf 91' lang='lat' dir='ltr'><strong>nos</strong></span> <span class='ocrx_word' id='word_1_141' title='bbox 1023 2085 1127 2157; x_wconf 81' lang='lat' dir='ltr'><strong>reliqui</strong></span> <span class='ocrx_word' id='word_1_142' title='bbox 1142 2087 1223 2157; x_wconf 84' lang='lat' dir='ltr'><strong>equis</strong></span> <span class='ocrx_word' id='word_1_143' title='bbox 1239 2085 1287 2146; x_wconf 89' lang='lat' dir='ltr'><strong>de·</strong></span> 
     </span>
     <span class='ocr_line' id='line_1_17' title="bbox 107 2183 1288 2263; baseline 0.004 -19"><span class='ocrx_word' id='word_1_144' title='bbox 107 2185 283 2244; x_wconf 88' lang='lat' dir='ltr'><strong>scendentes</strong></span> <span class='ocrx_word' id='word_1_145' title='bbox 297 2183 433 2243; x_wconf 82' lang='lat' dir='ltr'><strong>familiam</strong></span> <span class='ocrx_word' id='word_1_146' title='bbox 452 2185 511 2243; x_wconf 88' lang='lat' dir='ltr'><strong>alia</strong></span> <span class='ocrx_word' id='word_1_147' title='bbox 530 2184 653 2243; x_wconf 86' lang='lat' dir='ltr'><strong>fluminis</strong></span> <span class='ocrx_word' id='word_1_148' title='bbox 674 2183 747 2255; x_wconf 85' lang='lat' dir='ltr'><strong>vada</strong></span> <span class='ocrx_word' id='word_1_149' title='bbox 767 2201 897 2259; x_wconf 76' lang='lat' dir='ltr'><strong>quaerere</strong></span> <span class='ocrx_word' id='word_1_150' title='bbox 914 2189 1060 2262; x_wconf 74' lang='lat' dir='ltr'><strong>iussimus,</strong></span> <span class='ocrx_word' id='word_1_151' title='bbox 1085 2190 1140 2262; x_wconf 90' lang='lat' dir='ltr'><strong>ipsi</strong></span> <span class='ocrx_word' id='word_1_152' title='bbox 1159 2191 1288 2263; x_wconf 87' lang='lat' dir='ltr'><strong>pedestri</strong></span> 
     </span>
     <span class='ocr_line' id='line_1_18' title="bbox 107 2290 1267 2362; baseline 0.002 -12"><span class='ocrx_word' id='word_1_153' title='bbox 107 2291 219 2350; x_wconf 83' lang='lat' dir='ltr'><strong>itinere</strong></span> <span class='ocrx_word' id='word_1_154' title='bbox 233 2290 393 2362; x_wconf 80' lang='lat' dir='ltr'><strong>Augustam</strong></span> <span class='ocrx_word' id='word_1_155' title='bbox 408 2305 499 2362; x_wconf 87' lang='lat' dir='ltr'><strong>usque</strong></span> <span class='ocrx_word' id='word_1_156' title='bbox 513 2290 621 2348; x_wconf 86' lang='lat' dir='ltr'><strong>oereati</strong></span> <span class='ocrx_word' id='word_1_157' title='bbox 636 2291 842 2350; x_wconf 88' lang='lat' dir='ltr'><strong>contendimus.</strong></span> <span class='ocrx_word' id='word_1_158' title='bbox 1264 2299 1267 2306; x_wconf 88' lang='lat'>&#39;</span> 
     </span>
    </p>

    <p class='ocr_par' dir='ltr' id='par_1_5' title="bbox 108 2391 1286 2574">
     <span class='ocr_line' id='line_1_19' title="bbox 201 2391 1286 2466; baseline 0.006 -15"><span class='ocrx_word' id='word_1_159' title='bbox 201 2393 266 2451; x_wconf 88' lang='lat' dir='ltr'><strong>Rex</strong></span> <span class='ocrx_word' id='word_1_160' title='bbox 280 2391 482 2464; x_wconf 82' lang='lat' dir='ltr'><strong>Ferdinandus</strong></span> <span class='ocrx_word' id='word_1_161' title='bbox 497 2393 614 2454; x_wconf 80' lang='lat' dir='ltr'><strong>attilius</strong></span> <span class='ocrx_word' id='word_1_162' title='bbox 634 2395 696 2466; x_wconf 85' lang='lat' dir='ltr'><strong>ejus</strong></span> <span class='ocrx_word' id='word_1_163' title='bbox 716 2395 928 2462; x_wconf 87' lang='lat' dir='ltr'><strong>Maxlmilianus</strong></span> <span class='ocrx_word' id='word_1_164' title='bbox 949 2396 1087 2459; x_wconf 84' lang='lat' dir='ltr'><strong>archidux</strong></span> <span class='ocrx_word' id='word_1_165' title='bbox 1099 2397 1230 2458; x_wconf 80' lang='lat' dir='ltr'><strong>-Anstriae</strong></span> <span class='ocrx_word' id='word_1_166' title='bbox 1249 2399 1286 2458; x_wconf 93' lang='lat' dir='ltr'><strong>ob</strong></span> 
     </span>
     <span class='ocr_line' id='line_1_20' title="bbox 108 2497 1201 2574; baseline 0.005 -18"><span class='ocrx_word' id='word_1_167' title='bbox 108 2497 309 2557; x_wconf 86' lang='lat' dir='ltr'><strong>salubritatem</strong></span> <span class='ocrx_word' id='word_1_168' title='bbox 326 2499 402 2555; x_wconf 88' lang='lat' dir='ltr'><strong>aeris</strong></span> <span class='ocrx_word' id='word_1_169' title='bbox 417 2499 447 2556; x_wconf 91' lang='lat' dir='ltr'><strong>in</strong></span> <span class='ocrx_word' id='word_1_170' title='bbox 462 2515 513 2557; x_wconf 87' lang='lat' dir='ltr'><strong>rus</strong></span> <span class='ocrx_word' id='word_1_171' title='bbox 528 2500 634 2574; x_wconf 84' lang='lat' dir='ltr'><strong>ierant,</strong></span> <span class='ocrx_word' id='word_1_172' title='bbox 659 2515 730 2572; x_wconf 87' lang='lat' dir='ltr'><strong>quos</strong></span> <span class='ocrx_word' id='word_1_173' title='bbox 746 2507 776 2559; x_wconf 87' lang='lat' dir='ltr'><strong>et</strong></span> <span class='ocrx_word' id='word_1_174' title='bbox 790 2500 992 2574; x_wconf 88' lang='lat' dir='ltr'><strong>obequitantes</strong></span> <span class='ocrx_word' id='word_1_175' title='bbox 1008 2503 1139 2562; x_wconf 87' lang='lat' dir='ltr'><strong>vidimus.</strong></span> <span class='ocrx_word' id='word_1_176' title='bbox 1199 2529 1201 2534; x_wconf 96' lang='lat'>·</span> 
     </span>
    </p>

    <p class='ocr_par' dir='ltr' id='par_1_6' title="bbox 106 2602 1287 3498">
     <span class='ocr_line' id='line_1_21' title="bbox 200 2602 1285 2701; baseline 0.007 -43"><span class='ocrx_word' id='word_1_177' title='bbox 200 2602 453 2701; x_wconf 62' lang='lat' dir='ltr'><strong>ArcisVelburgae</strong></span> <span class='ocrx_word' id='word_1_178' title='bbox 468 2605 539 2662; x_wconf 89' lang='lat' dir='ltr'><strong>situs</strong></span> <span class='ocrx_word' id='word_1_179' title='bbox 555 2605 762 2662; x_wconf 87' lang='lat' dir='ltr'><strong>amoenissimns</strong></span> <span class='ocrx_word' id='word_1_180' title='bbox 778 2612 830 2677; x_wconf 88' lang='lat' dir='ltr'><strong>est,</strong></span> <span class='ocrx_word' id='word_1_181' title='bbox 855 2608 904 2678; x_wconf 86' lang='lat' dir='ltr'><strong>qui</strong></span> <span class='ocrx_word' id='word_1_182' title='bbox 924 2605 1032 2664; x_wconf 90' lang='lat' dir='ltr'><strong>scilicet</strong></span> <span class='ocrx_word' id='word_1_183' title='bbox 1046 2607 1205 2680; x_wconf 78' lang='lat' dir='ltr'><strong>Augustam</strong></span> <span class='ocrx_word' id='word_1_184' title='bbox 1220 2623 1285 2666; x_wconf 90' lang='lat' dir='ltr'><strong>ver·</strong></span> 
     </span>
     <span class='ocr_line' id='line_1_22' title="bbox 107 2705 1285 2784; baseline 0.007 -20"><span class='ocrx_word' id='word_1_185' title='bbox 107 2723 159 2765; x_wconf 90' lang='lat' dir='ltr'><strong>sus</strong></span> <span class='ocrx_word' id='word_1_186' title='bbox 174 2705 213 2765; x_wconf 91' lang='lat' dir='ltr'><strong>ob</strong></span> <span class='ocrx_word' id='word_1_187' title='bbox 234 2721 398 2780; x_wconf 83' lang='lat' dir='ltr'><strong>camporum</strong></span> <span class='ocrx_word' id='word_1_188' title='bbox 417 2707 566 2780; x_wconf 88' lang='lat' dir='ltr'><strong>planitiem</strong></span> <span class='ocrx_word' id='word_1_189' title='bbox 583 2709 821 2781; x_wconf 82' lang='lat' dir='ltr'><strong>jucundissimum</strong></span> <span class='ocrx_word' id='word_1_190' title='bbox 842 2717 1024 2782; x_wconf 88' lang='lat' dir='ltr'><strong>prospectum</strong></span> <span class='ocrx_word' id='word_1_191' title='bbox 1045 2711 1147 2784; x_wconf 88' lang='lat' dir='ltr'><strong>hahet,</strong></span> <span class='ocrx_word' id='word_1_192' title='bbox 1171 2727 1207 2770; x_wconf 87' lang='lat' dir='ltr'><strong>ex</strong></span> <span class='ocrx_word' id='word_1_193' title='bbox 1228 2712 1285 2772; x_wconf 91' lang='lat' dir='ltr'><strong>alio</strong></span> 
     </span>
     <span class='ocr_line' id='line_1_23' title="bbox 106 2811 1286 2896; baseline 0.004 -27"><span class='ocrx_word' id='word_1_194' title='bbox 106 2811 212 2883; x_wconf 88' lang='lat' dir='ltr'><strong>latere,</strong></span> <span class='ocrx_word' id='word_1_195' title='bbox 236 2825 300 2867; x_wconf 91' lang='lat' dir='ltr'><strong>cum</strong></span> <span class='ocrx_word' id='word_1_196' title='bbox 315 2811 454 2894; x_wconf 31' lang='lat' dir='ltr'><strong>sitxsuper</strong></span> <span class='ocrx_word' id='word_1_197' title='bbox 468 2811 569 2870; x_wconf 89' lang='lat' dir='ltr'><strong>collem</strong></span> <span class='ocrx_word' id='word_1_198' title='bbox 589 2811 739 2886; x_wconf 77' lang='lat' dir='ltr'><strong>adificata,</strong></span> <span class='ocrx_word' id='word_1_199' title='bbox 761 2814 948 2872; x_wconf 89' lang='lat' dir='ltr'><strong>monticulosa</strong></span> <span class='ocrx_word' id='word_1_200' title='bbox 969 2821 1013 2872; x_wconf 90' lang='lat' dir='ltr'><strong>est</strong></span> <span class='ocrx_word' id='word_1_201' title='bbox 1031 2815 1122 2896; x_wconf 83' lang='lat' dir='ltr'><strong>hortis</strong></span> <span class='ocrx_word' id='word_1_202' title='bbox 1144 2820 1174 2873; x_wconf 92' lang='lat' dir='ltr'><strong>et</strong></span> <span class='ocrx_word' id='word_1_203' title='bbox 1187 2815 1286 2874; x_wconf 86' lang='lat' dir='ltr'><strong>viretis</strong></span> 
     </span>
     <span class='ocr_line' id='line_1_24' title="bbox 107 2895 1156 2991; baseline 0.002 -17"><span class='ocrx_word' id='word_1_204' title='bbox 107 2917 282 2987; x_wconf 48' lang='lat' dir='ltr'><strong>nitenssnon</strong></span> <span class='ocrx_word' id='word_1_205' title='bbox 297 2895 397 2988; x_wconf 84' lang='lat' dir='ltr'><strong>procul</strong></span> <span class='ocrx_word' id='word_1_206' title='bbox 412 2933 430 2974; x_wconf 90' lang='lat' dir='ltr'><strong>a</strong></span> <span class='ocrx_word' id='word_1_207' title='bbox 446 2916 532 2988; x_wconf 83' lang='lat' dir='ltr'><strong>sylvis</strong></span> <span class='ocrx_word' id='word_1_208' title='bbox 547 2918 639 2991; x_wconf 84' lang='lat' dir='ltr'><strong>regis,</strong></span> <span class='ocrx_word' id='word_1_209' title='bbox 664 2933 728 2990; x_wconf 82' lang='lat' dir='ltr'><strong>quae</strong></span> <span class='ocrx_word' id='word_1_210' title='bbox 744 2916 870 2982; x_wconf 80' lang='lat' dir='ltr'><strong>terarum</strong></span> <span class='ocrx_word' id='word_1_211' title='bbox 883 2917 1065 2977; x_wconf 81' lang='lat' dir='ltr'><strong>feracissimas</strong></span> <span class='ocrx_word' id='word_1_212' title='bbox 1081 2924 1156 2976; x_wconf 78' lang='lat' dir='ltr'><strong>suntt</strong></span> 
     </span>
     <span class='ocr_line' id='line_1_25' title="bbox 117 3019 1286 3094; baseline 0.004 -18"><span class='ocrx_word' id='word_1_213' title='bbox 117 3025 119 3033; x_wconf 65' lang='lat'><strong>⁴</strong></span> <span class='ocrx_word' id='word_1_214' title='bbox 202 3019 258 3078; x_wconf 88' lang='lat' dir='ltr'><strong>Est</strong></span> <span class='ocrx_word' id='word_1_215' title='bbox 274 3025 303 3077; x_wconf 90' lang='lat' dir='ltr'><strong>et</strong></span> <span class='ocrx_word' id='word_1_216' title='bbox 324 3019 361 3077; x_wconf 89' lang='lat' dir='ltr'><strong>ad</strong></span> <span class='ocrx_word' id='word_1_217' title='bbox 377 3020 485 3078; x_wconf 88' lang='lat' dir='ltr'><strong>declive</strong></span> <span class='ocrx_word' id='word_1_218' title='bbox 500 3021 649 3078; x_wconf 84' lang='lat' dir='ltr'><strong>mortisia</strong></span> <span class='ocrx_word' id='word_1_219' title='bbox 669 3021 793 3094; x_wconf 76' lang='lat' dir='ltr'><strong>planitie</strong></span> <span class='ocrx_word' id='word_1_220' title='bbox 808 3022 944 3094; x_wconf 87' lang='lat' dir='ltr'><strong>templum</strong></span> <span class='ocrx_word' id='word_1_221' title='bbox 960 3021 1032 3080; x_wconf 89' lang='lat' dir='ltr'><strong>divae</strong></span> <span class='ocrx_word' id='word_1_222' title='bbox 1047 3021 1226 3094; x_wconf 78' lang='lat' dir='ltr'><strong>Redignndae</strong></span> <span class='ocrx_word' id='word_1_223' title='bbox 1242 3039 1286 3081; x_wconf 92' lang='lat' dir='ltr'><strong>sa-</strong></span> 
     </span>
     <span class='ocr_line' id='line_1_26' title="bbox 111 3119 1287 3200; baseline 0.001 -17"><span class='ocrx_word' id='word_1_224' title='bbox 111 3141 207 3199; x_wconf 69' lang='lat' dir='ltr'><strong>crum„</strong></span> <span class='ocrx_word' id='word_1_225' title='bbox 231 3139 295 3196; x_wconf 82' lang='lat' dir='ltr'><strong>quae</strong></span> <span class='ocrx_word' id='word_1_226' title='bbox 316 3124 407 3182; x_wconf 87' lang='lat' dir='ltr'><strong>isthac</strong></span> <span class='ocrx_word' id='word_1_227' title='bbox 428 3141 446 3183; x_wconf 90' lang='lat' dir='ltr'><strong>a</strong></span> <span class='ocrx_word' id='word_1_228' title='bbox 466 3119 590 3182; x_wconf 84' lang='lat' dir='ltr'><strong>rusticis</strong></span> <span class='ocrx_word' id='word_1_229' title='bbox 600 3125 711 3199; x_wconf 80' lang='lat' dir='ltr'><strong>colitur,</strong></span> <span class='ocrx_word' id='word_1_230' title='bbox 736 3127 813 3200; x_wconf 88' lang='lat' dir='ltr'><strong>opud</strong></span> <span class='ocrx_word' id='word_1_231' title='bbox 835 3126 913 3198; x_wconf 90' lang='lat' dir='ltr'><strong>qued</strong></span> <span class='ocrx_word' id='word_1_232' title='bbox 933 3127 1000 3185; x_wconf 88' lang='lat' dir='ltr'><strong>olim</strong></span> <span class='ocrx_word' id='word_1_233' title='bbox 1015 3125 1214 3185; x_wconf 84' lang='lat' dir='ltr'><strong>Ferdinandus</strong></span> <span class='ocrx_word' id='word_1_234' title='bbox 1234 3143 1287 3184; x_wconf 89' lang='lat' dir='ltr'><strong>rex</strong></span> 
     </span>
     <span class='ocr_line' id='line_1_27' title="bbox 109 3227 1286 3303; baseline -0.002 -15"><span class='ocrx_word' id='word_1_235' title='bbox 109 3247 129 3288; x_wconf 91' lang='lat' dir='ltr'><strong>a</strong></span> <span class='ocrx_word' id='word_1_236' title='bbox 153 3229 258 3288; x_wconf 82' lang='lat' dir='ltr'><strong>Garolo</strong></span> <span class='ocrx_word' id='word_1_237' title='bbox 281 3228 371 3288; x_wconf 86' lang='lat' dir='ltr'><strong>fratre</strong></span> <span class='ocrx_word' id='word_1_238' title='bbox 392 3228 518 3286; x_wconf 86' lang='lat' dir='ltr'><strong>Austriaa</strong></span> <span class='ocrx_word' id='word_1_239' title='bbox 542 3227 675 3287; x_wconf 86' lang='lat' dir='ltr'><strong>ducatum</strong></span> <span class='ocrx_word' id='word_1_240' title='bbox 695 3232 806 3303; x_wconf 86' lang='lat' dir='ltr'><strong>accepit</strong></span> <span class='ocrx_word' id='word_1_241' title='bbox 828 3235 857 3289; x_wconf 93' lang='lat' dir='ltr'><strong>et</strong></span> <span class='ocrx_word' id='word_1_242' title='bbox 876 3231 912 3290; x_wconf 90' lang='lat' dir='ltr'><strong>ab</strong></span> <span class='ocrx_word' id='word_1_243' title='bbox 935 3230 1035 3289; x_wconf 90' lang='lat' dir='ltr'><strong>eodem</strong></span> <span class='ocrx_word' id='word_1_244' title='bbox 1055 3231 1085 3288; x_wconf 94' lang='lat' dir='ltr'><strong>in</strong></span> <span class='ocrx_word' id='word_1_245' title='bbox 1105 3227 1286 3294; x_wconf 83' lang='lat' dir='ltr'><strong>archiducem</strong></span> 
     </span>
     <span class='ocr_line' id='line_1_28' title="bbox 110 3333 1287 3409; baseline -0.001 -16"><span class='ocrx_word' id='word_1_246' title='bbox 110 3335 384 3407; x_wconf 79' lang='lat' dir='ltr'><strong>inauguratusest‚</strong></span> <span class='ocrx_word' id='word_1_247' title='bbox 409 3349 498 3404; x_wconf 88' lang='lat' dir='ltr'><strong>quare</strong></span> <span class='ocrx_word' id='word_1_248' title='bbox 520 3338 549 3390; x_wconf 88' lang='lat' dir='ltr'><strong>et</strong></span> <span class='ocrx_word' id='word_1_249' title='bbox 568 3333 823 3409; x_wconf 81' lang='lat' dir='ltr'><strong>megaltriumphi</strong></span> <span class='ocrx_word' id='word_1_250' title='bbox 842 3336 948 3401; x_wconf 88' lang='lat' dir='ltr'><strong>ibidem</strong></span> <span class='ocrx_word' id='word_1_251' title='bbox 970 3340 1037 3394; x_wconf 88' lang='lat' dir='ltr'><strong>ante</strong></span> <span class='ocrx_word' id='word_1_252' title='bbox 1059 3351 1150 3394; x_wconf 86' lang='lat' dir='ltr'><strong>annos</strong></span> <span class='ocrx_word' id='word_1_253' title='bbox 1172 3339 1237 3394; x_wconf 90' lang='lat' dir='ltr'><strong>octo</strong></span> <span class='ocrx_word' id='word_1_254' title='bbox 1257 3339 1287 3393; x_wconf 92' lang='lat' dir='ltr'><strong>et</strong></span> 
     </span>
     <span class='ocr_line' id='line_1_29' title="bbox 112 3437 1263 3498; baseline -0.008 -2"><span class='ocrx_word' id='word_1_255' title='bbox 112 3437 213 3496; x_wconf 90' lang='lat' dir='ltr'><strong>decem</strong></span> <span class='ocrx_word' id='word_1_256' title='bbox 227 3437 319 3498; x_wconf 86' lang='lat' dir='ltr'><strong>habiti</strong></span> <span class='ocrx_word' id='word_1_257' title='bbox 334 3441 409 3494; x_wconf 91' lang='lat' dir='ltr'><strong>sunt.</strong></span> <span class='ocrx_word' id='word_1_258' title='bbox 1261 3455 1263 3460; x_wconf 34' lang='lat' dir='ltr'><strong>v</strong></span> 
     </span>
    </p>

    <p class='ocr_par' dir='ltr' id='par_1_7' title="bbox 109 3529 1285 3825">
     <span class='ocr_line' id='line_1_30' title="bbox 201 3529 1285 3614; baseline -0.002 -16"><span class='ocrx_word' id='word_1_259' title='bbox 201 3541 360 3614; x_wconf 83' lang='lat' dir='ltr'><strong>Angustam</strong></span> <span class='ocrx_word' id='word_1_260' title='bbox 375 3541 521 3598; x_wconf 88' lang='lat' dir='ltr'><strong>venientes</strong></span> <span class='ocrx_word' id='word_1_261' title='bbox 536 3541 566 3598; x_wconf 93' lang='lat' dir='ltr'><strong>in</strong></span> <span class='ocrx_word' id='word_1_262' title='bbox 581 3541 665 3602; x_wconf 90' lang='lat' dir='ltr'><strong>domo</strong></span> <span class='ocrx_word' id='word_1_263' title='bbox 681 3545 790 3603; x_wconf 88' lang='lat' dir='ltr'><strong>comitis</strong></span> <span class='ocrx_word' id='word_1_264' title='bbox 805 3545 951 3604; x_wconf 88' lang='lat' dir='ltr'><strong>Wilhelmi</strong></span> <span class='ocrx_word' id='word_1_265' title='bbox 966 3545 1107 3606; x_wconf 86' lang='lat' dir='ltr'><strong>Ernestus</strong></span> <span class='ocrx_word' id='word_1_266' title='bbox 1123 3529 1285 3602; x_wconf 54' lang='lat' dir='ltr'><strong>carneum„</strong></span> 
     </span>
     <span class='ocr_line' id='line_1_31' title="bbox 109 3637 1285 3720; baseline -0.003 -14"><span class='ocrx_word' id='word_1_267' title='bbox 109 3637 192 3720; x_wconf 73' lang='lat' dir='ltr'><strong>berg&#39;,</strong></span> <span class='ocrx_word' id='word_1_268' title='bbox 208 3646 366 3719; x_wconf 79' lang='lat' dir='ltr'><strong>Philippus</strong></span> <span class='ocrx_word' id='word_1_269' title='bbox 388 3651 418 3704; x_wconf 88' lang='lat' dir='ltr'><strong>et</strong></span> <span class='ocrx_word' id='word_1_270' title='bbox 440 3645 555 3703; x_wconf 84' lang='lat' dir='ltr'><strong>Samuel</strong></span> <span class='ocrx_word' id='word_1_271' title='bbox 575 3663 595 3705; x_wconf 87' lang='lat' dir='ltr'><strong>a</strong></span> <span class='ocrx_word' id='word_1_272' title='bbox 612 3647 733 3708; x_wconf 88' lang='lat' dir='ltr'><strong>Waldec</strong></span> <span class='ocrx_word' id='word_1_273' title='bbox 751 3666 809 3707; x_wconf 92' lang='lat' dir='ltr'><strong>una</strong></span> <span class='ocrx_word' id='word_1_274' title='bbox 830 3651 922 3707; x_wconf 90' lang='lat' dir='ltr'><strong>erant.</strong></span> <span class='ocrx_word' id='word_1_275' title='bbox 953 3649 1024 3706; x_wconf 90' lang='lat' dir='ltr'><strong>Post</strong></span> <span class='ocrx_word' id='word_1_276' title='bbox 1043 3647 1160 3718; x_wconf 87' lang='lat' dir='ltr'><strong>repotia.</strong></span> <span class='ocrx_word' id='word_1_277' title='bbox 1174 3649 1285 3706; x_wconf 84' lang='lat' dir='ltr'><strong>veniam</strong></span> 
     </span>
     <span class='ocr_line' id='line_1_32' title="bbox 112 3731 1069 3825; baseline 0.001 -15"><span class='ocrx_word' id='word_1_278' title='bbox 112 3755 245 3824; x_wconf 89' lang='lat' dir='ltr'><strong>petentes</strong></span> <span class='ocrx_word' id='word_1_279' title='bbox 261 3750 458 3813; x_wconf 84' lang='lat' dir='ltr'><strong>Waldecciani</strong></span> <span class='ocrx_word' id='word_1_280' title='bbox 474 3749 598 3824; x_wconf 89' lang='lat' dir='ltr'><strong>hospitia</strong></span> <span class='ocrx_word' id='word_1_281' title='bbox 612 3766 665 3808; x_wconf 85' lang='lat' dir='ltr'><strong>sua</strong></span> <span class='ocrx_word' id='word_1_282' title='bbox 679 3757 788 3825; x_wconf 89' lang='lat' dir='ltr'><strong>petunt.</strong></span> <span class='ocrx_word' id='word_1_283' title='bbox 879 3773 882 3778; x_wconf 89' lang='lat'><em>·</em></span> <span class='ocrx_word' id='word_1_284' title='bbox 942 3775 946 3782; x_wconf 94' lang='lat'>·</span> <span class='ocrx_word' id='word_1_285' title='bbox 1068 3731 1069 3735; x_wconf 7' lang='grc' dir='ltr'><strong>Ἰ</strong></span> 
     </span>
    </p>

    <p class='ocr_par' dir='ltr' id='par_1_8' title="bbox 111 3852 1284 4031">
     <span class='ocr_line' id='line_1_33' title="bbox 201 3852 1284 3942; baseline 0 -30"><span class='ocrx_word' id='word_1_286' title='bbox 201 3854 279 3914; x_wconf 81' lang='lat' dir='ltr'><strong>Nota</strong></span> <span class='ocrx_word' id='word_1_287' title='bbox 299 3854 335 3913; x_wconf 88' lang='lat' dir='ltr'><strong>de</strong></span> <span class='ocrx_word' id='word_1_288' title='bbox 357 3855 541 3914; x_wconf 90' lang='lat' dir='ltr'><strong>contentione</strong></span> <span class='ocrx_word' id='word_1_289' title='bbox 563 3854 640 3913; x_wconf 88' lang='lat' dir='ltr'><strong>inter</strong></span> <span class='ocrx_word' id='word_1_290' title='bbox 660 3856 772 3913; x_wconf 81' lang='lat' dir='ltr'><strong>Harum</strong></span> <span class='ocrx_word' id='word_1_291' title='bbox 794 3861 823 3914; x_wconf 91' lang='lat' dir='ltr'><strong>et</strong></span> <span class='ocrx_word' id='word_1_292' title='bbox 836 3856 950 3914; x_wconf 87' lang='lat' dir='ltr'><strong>Justum</strong></span> <span class='ocrx_word' id='word_1_293' title='bbox 969 3869 1014 3910; x_wconf 92' lang='lat' dir='ltr'><strong>me</strong></span> <span class='ocrx_word' id='word_1_294' title='bbox 1034 3852 1154 3912; x_wconf 86' lang='lat' dir='ltr'><strong>ahsente</strong></span> <span class='ocrx_word' id='word_1_295' title='bbox 1176 3853 1284 3942; x_wconf 86' lang='lat' dir='ltr'><strong>habita.</strong></span> 
     </span>
     <span class='ocr_line' id='line_1_34' title="bbox 111 3957 1057 4031; baseline -0.006 -15"><span class='ocrx_word' id='word_1_296' title='bbox 111 3957 237 4019; x_wconf 87' lang='lat' dir='ltr'><strong>Domina</strong></span> <span class='ocrx_word' id='word_1_297' title='bbox 250 3959 383 4031; x_wconf 89' lang='lat' dir='ltr'><strong>princeps</strong></span> <span class='ocrx_word' id='word_1_298' title='bbox 396 3959 436 4017; x_wconf 88' lang='lat' dir='ltr'><strong>ad</strong></span> <span class='ocrx_word' id='word_1_299' title='bbox 450 3957 662 4030; x_wconf 80' lang='lat' dir='ltr'><strong>landtgravium</strong></span> <span class='ocrx_word' id='word_1_300' title='bbox 675 3961 810 4018; x_wconf 88' lang='lat' dir='ltr'><strong>maritum</strong></span> <span class='ocrx_word' id='word_1_301' title='bbox 824 3959 911 4016; x_wconf 89' lang='lat' dir='ltr'><strong>missa</strong></span> <span class='ocrx_word' id='word_1_302' title='bbox 927 3957 1057 4015; x_wconf 37' lang='lat' dir='ltr'><strong>dieiturt</strong></span> 
     </span>
    </p>

    <p class='ocr_par' dir='ltr' id='par_1_9' title="bbox 111 4049 1288 4246">
     <span class='ocr_line' id='line_1_35' title="bbox 165 4049 1288 4144; baseline -0.004 -20"><span class='ocrx_word' id='word_1_303' title='bbox 165 4133 174 4144; x_wconf 75' lang='lat'><em>,</em></span> <span class='ocrx_word' id='word_1_304' title='bbox 202 4063 303 4124; x_wconf 90' lang='lat' dir='ltr'><strong>Werla</strong></span> <span class='ocrx_word' id='word_1_305' title='bbox 324 4062 510 4136; x_wconf 83' lang='lat' dir='ltr'><strong>Westphaliae</strong></span> <span class='ocrx_word' id='word_1_306' title='bbox 534 4067 563 4120; x_wconf 91' lang='lat' dir='ltr'><strong>et</strong></span> <span class='ocrx_word' id='word_1_307' title='bbox 583 4062 641 4122; x_wconf 92' lang='lat' dir='ltr'><strong>alia</strong></span> <span class='ocrx_word' id='word_1_308' title='bbox 664 4064 775 4136; x_wconf 88' lang='lat' dir='ltr'><strong>aliquot</strong></span> <span class='ocrx_word' id='word_1_309' title='bbox 797 4063 860 4120; x_wconf 91' lang='lat' dir='ltr'><strong>loca</strong></span> <span class='ocrx_word' id='word_1_310' title='bbox 882 4061 1027 4135; x_wconf 87' lang='lat' dir='ltr'><strong>dioceseos</strong></span> <span class='ocrx_word' id='word_1_311' title='bbox 1050 4059 1228 4126; x_wconf 80' lang='lat' dir='ltr'><strong>Coloniensis</strong></span> <span class='ocrx_word' id='word_1_312' title='bbox 1251 4049 1288 4120; x_wconf 80' lang='lat' dir='ltr'><strong>ex</strong></span> 
     </span>
     <span class='ocr_line' id='line_1_36' title="bbox 111 4165 1060 4246; baseline -0.002 -20"><span class='ocrx_word' id='word_1_313' title='bbox 111 4165 338 4246; x_wconf 78' lang='lat' dir='ltr'><strong>conflagratione</strong></span> <span class='ocrx_word' id='word_1_314' title='bbox 355 4167 488 4226; x_wconf 84' lang='lat' dir='ltr'><strong>domuum</strong></span> <span class='ocrx_word' id='word_1_315' title='bbox 502 4167 818 4234; x_wconf 33' lang='lat' dir='ltr'><strong>maximaxincom&#39;moda</strong></span> <span class='ocrx_word' id='word_1_316' title='bbox 832 4182 970 4240; x_wconf 87' lang='lat' dir='ltr'><strong>perpessa</strong></span> <span class='ocrx_word' id='word_1_317' title='bbox 985 4171 1060 4225; x_wconf 91' lang='lat' dir='ltr'><strong>sunt.</strong></span> 
     </span>
    </p>

    <p class='ocr_par' dir='ltr' id='par_1_10' title="bbox 111 4270 1288 4557">
     <span class='ocr_line' id='line_1_37' title="bbox 173 4270 1288 4345; baseline 0 -17"><span class='ocrx_word' id='word_1_318' title='bbox 173 4321 176 4328; x_wconf 84' lang='lat'><em>.</em></span> <span class='ocrx_word' id='word_1_319' title='bbox 201 4271 441 4343; x_wconf 77' lang='lat' dir='ltr'><strong>archiepiscopus</strong></span> <span class='ocrx_word' id='word_1_320' title='bbox 462 4270 641 4330; x_wconf 81' lang='lat' dir='ltr'><strong>Coloniensis</strong></span> <span class='ocrx_word' id='word_1_321' title='bbox 661 4270 1000 4344; x_wconf 81' lang='lat' dir='ltr'><strong>septingentos-florenos</strong></span> <span class='ocrx_word' id='word_1_322' title='bbox 1019 4273 1096 4330; x_wconf 89' lang='lat' dir='ltr'><strong>intra</strong></span> <span class='ocrx_word' id='word_1_323' title='bbox 1116 4271 1288 4345; x_wconf 86' lang='lat' dir='ltr'><strong>septimanas</strong></span> 
     </span>
     <span class='ocr_line' id='line_1_38' title="bbox 111 4371 1286 4453; baseline -0.003 -17"><span class='ocrx_word' id='word_1_324' title='bbox 111 4377 214 4452; x_wconf 74' lang='lat' dir='ltr'><strong>viginti</strong></span> <span class='ocrx_word' id='word_1_325' title='bbox 228 4393 283 4450; x_wconf 87' lang='lat' dir='ltr'><strong>pro</strong></span> <span class='ocrx_word' id='word_1_326' title='bbox 298 4371 474 4436; x_wconf 80' lang='lat' dir='ltr'><strong>aromatibus</strong></span> <span class='ocrx_word' id='word_1_327' title='bbox 495 4375 734 4453; x_wconf 14' lang='lat' dir='ltr'><strong>etv-condimeptis</strong></span> <span class='ocrx_word' id='word_1_328' title='bbox 753 4375 898 4448; x_wconf 90' lang='lat' dir='ltr'><strong>expendit.</strong></span> <span class='ocrx_word' id='word_1_329' title='bbox 938 4377 1071 4436; x_wconf 89' lang='lat' dir='ltr'><strong>Alienum</strong></span> <span class='ocrx_word' id='word_1_330' title='bbox 1091 4377 1165 4435; x_wconf 90' lang='lat' dir='ltr'><strong>enim</strong></span> <span class='ocrx_word' id='word_1_331' title='bbox 1185 4376 1222 4434; x_wconf 89' lang='lat' dir='ltr'><strong>ab</strong></span> <span class='ocrx_word' id='word_1_332' title='bbox 1241 4374 1286 4432; x_wconf 90' lang='lat' dir='ltr'><strong>his</strong></span> 
     </span>
     <span class='ocr_line' id='line_1_39' title="bbox 111 4467 939 4557; baseline -0.005 -15"><span class='ocrx_word' id='word_1_333' title='bbox 111 4467 193 4544; x_wconf 83' lang='lat' dir='ltr'><strong>Jovis</strong></span> <span class='ocrx_word' id='word_1_334' title='bbox 209 4481 275 4542; x_wconf 88' lang='lat' dir='ltr'><strong>filiis</strong></span> <span class='ocrx_word' id='word_1_335' title='bbox 291 4487 349 4557; x_wconf 83' lang='lat' dir='ltr'><strong>est,</strong></span> <span class='ocrx_word' id='word_1_336' title='bbox 374 4479 478 4542; x_wconf 79' lang='lat' dir='ltr'><strong>lamem&#39;</strong></span> <span class='ocrx_word' id='word_1_337' title='bbox 492 4483 629 4556; x_wconf 89' lang='lat' dir='ltr'><strong>optimum</strong></span> <span class='ocrx_word' id='word_1_338' title='bbox 645 4493 706 4541; x_wconf 84' lang='lat' dir='ltr'><strong>csse</strong></span> <span class='ocrx_word' id='word_1_339' title='bbox 723 4481 939 4542; x_wconf 77' lang='lat' dir='ltr'><strong>condimentum.</strong></span> 
     </span>
    </p>
   </div>
   <div class='ocr_carea' id='block_1_3' title="bbox 0 0 1528 5104">
    <p class='ocr_par' dir='ltr' id='par_1_11' title="bbox 0 0 1528 5104">
     <span class='ocr_line' id='line_1_40' title="bbox 0 0 1528 5104; baseline 0 0"><span class='ocrx_word' id='word_1_340' title='bbox 0 0 1528 5104; x_wconf 95' lang='lat' dir='ltr'><strong> </strong></span> 
     </span>
    </p>
   </div>
  </div>
 </body>
</html>
