3054 5110
748 351 797 424 tt

274 545 386 608 Eadem
399 559 494 606 comes
505 539 677 604 wilhelmus
692 545 791 602 mutuo
807 540 889 602 nobis
902 533 982 602 dedit
996 541 1159 617 quindecim
1172 537 1236 606 illas
1247 547 1362 622 mocio·

181 653 235 714 ³n'es
250 652 400 713 Michaelis
419 649 594 725 suffraganei
612 647 842 722 Mognntinensis
863 645 899 707 de
918 647 1099 708 sanctissima
1118 650 1215 726 missa,
1238 652 1361 714 scilicet!

180 779 204 798 2
273 757 394 832 deam
413 756 551 832 principis
571 754 691 828 alicuius
714 767 782 841 non,
793 753 907 812 omnino
926 753 1043 828 pessimi
1061 756 1162 816 noxios
1182 759 1362 820 consiliarios

180 863 355 925 blichnelem
369 862 504 923 Judsnm
524 866 554 920 et
574 859 715 922 Joannem
730 857 865 916 Islebium
887 858 1051 934 theologum
1073 876 1136 922 osse
1162 861 1243 924 dixit.
1282 865 1362 926 Proh
1504 907 1505 922 ,

177 969 281 1044 dolor,
304 985 367 1028 rem
382 983 436 1028 acu
453 967 560 1041 tetigit.
977 1045 980 1052 Ι
1205 1029 1211 1041 ,
1491 945 1506 1000 ἰ

181 1061 215 1116 ³³
274 1074 364 1134 Libra
379 1074 536 1133 aromatica
550 1085 609 1130 nna
622 1085 676 1146 pro
691 1068 817 1130 denariis
838 1067 951 1130 dnobus
970 1072 1001 1132 in
1019 1073 1183 1134 molendino
1199 1071 1362 1138 'menalion

186 1177 381 1242 contunditur.

179 1305 181 1308 ·
275 1285 385 1345 Eadem
404 1297 499 1345 comes
514 1282 661 1344 aNassen
680 1283 818 1357 scriptum
838 1283 1036 1357 compromissi
1049 1282 1237 1360 landtgraviae
1258 1290 1288 1346 et
1308 1302 1362 1348 sno

186 1391 281 1468 sigillo
296 1390 512 1452 corroboratum
526 1389 585 1448 suis
600 1386 772 1463 syngraphis
792 1387 983 1464 subscriptum
1003 1389 1084 1450 nobis
1102 1389 1222 1450 remisit.
1253 1393 1362 1452 Verum

188 1496 365 1558 colomensis
380 1509 476 1556 ceram
491 1500 520 1556 et
534 1509 691 1570 papyrum,
714 1491 766 1553 sed
779 1509 838 1552 nou
852 1493 1007 1568 sigillatum
1022 1497 1205 1568 apposuerat.
1234 1495 1363 1556 Petitum

187 1604 276 1678 igitur
290 1601 450 1675 consilinm,
466 1598 515 1660 sed
531 1605 627 1660 tamen
641 1601 751 1658 memte
766 1598 885 1659 oonsilio
900 1613 965 1658 curn
979 1599 1073 1673 sigillo
1088 1600 1200 1660 comitis
1214 1616 1233 1659 a
1245 1601 1362 1662 Nasson

187 1705 340 1767 fideremus
355 1719 453 1766 omnes
468 1709 499 1764 et
513 1704 607 1780 sigillo
623 1708 652 1763 et
665 1719 798 1764 manuum
820 1704 1028 1790 subscriptione
1049 1704 1130 1782 (licet
1149 1705 1243 1765 animo
1257 1703 1361 1782 mrito)

187 1813 325 1888 scriptum
339 1810 394 1870 hoc
408 1807 646 1870 confirmavimus.

178 1937 186 1946 ’·
276 1917 387 1978 Doctor
401 1914 522 1976 Carolus
540 1915 641 1989 Harst,
664 1913 827 1975 Joaohimus
841 1914 930 1992 Hagk
950 1918 980 1973 et
998 1914 1036 1974 N.
1056 1913 1167 1975 Doctor
1185 1929 1221 1974 ac
1239 1915 1361 1976 Wilbel-

187 2039 251 2083 mus
265 2023 398 2084 Kettelor
418 2023 580 2108 canonicus,
605 2021 670 2099 (qni
678 2023 739 2096 jam
753 2023 784 2080 in
798 2018 962 2100 pontificem
976 2023 1231 2081 monasteriensem
1252 2021 1362 2084 electus

188 2126 258 2205 est),
285 2124 297 2163 ²
312 2127 411 2188 clima
426 2127 506 2188 ducis
521 2127 677 2188 consiliarii
691 2124 797 2186 iratres
812 2131 927 2188 nostros
943 2126 981 2186 ad
996 2141 1108 2194 coenam
1123 2133 1269 2188 socerum

177 2257 185 2281 ·-
276 2233 388 2293 Eadem
407 2231 596 2292 Wendelinns
623 2237 652 2291 et
672 2231 777 2292 Florus
799 2209 979 2318 archiducem
1001 2231 1229 2292 Maximiliannm
1250 2231 1360 2309 adiere,

182 2339 240 2415 'qni
252 2353 302 2398 eos
318 2339 473 2398 clementer
488 2337 607 2396 audivit.
638 2335 828 2413 Respondeus
841 2337 884 2396 illi
898 2337 989 2411 probe
1002 2337 1149 2412 obvenire,
1172 2337 1251 2412 quod
1265 2337 1361 2400 affinis

187 2458 255 2508 tuns
271 2443 331 2503 dux
345 2441 443 2504 cliviae
458 2444 599 2518 cumipse
614 2442 650 2502 de
664 2442 814 2503 comitibus
828 2444 859 2502 in
874 2441 1017 2504 Waldeck
1033 2443 1145 2503 locutus
1159 2444 1206 2503 sit.
1236 2442 1361 2505 Paratus

175 2549 274 2610 etiam
289 2547 393 2622 omnia,
417 2563 482 2622 qus
502 2547 541 2610 ad
560 2563 675 2608 cenmm
694 2547 843 2608 commoda
861 2552 937 2624 sunt,
960 2546 1065 2622 facere,
1089 2548 1201 2622 sibique
1214 2554 1359 2624 constare,

178 2654 224 2714 'de
239 2669 327 2714 cansa
344 2657 444 2713 nostra
463 2653 557 2714 adhuc
577 2653 649 2713 nihil
669 2653 708 2714 ad
726 2655 928 2728 imperatorem
946 2653 1162 2716 relutnmesse.
1199 2655 1307 2714 Verum
1328 2672 1360 2716 so

186 2758 321 2820 daturum
336 2775 468 2836 operam,
492 2761 518 2819 si
531 2761 578 2821 vel
592 2762 655 2836 ipso
669 2761 724 2821 hoc
738 2759 785 2820 die
800 2759 869 2835 quid
884 2757 997 2820 efficere
1011 2766 1118 2836 posset.
1234 2833 1236 2837 Ι

209 2904 225 2910 ,.
276 2865 432 2930 Wolradus
446 2873 550 2945 rogatu
563 2867 687 2931 fratrum
700 2885 760 2928 una
774 2883 838 2928 cum
852 2873 956 2943 nepote
976 2869 1107 2929 Samuele
1125 2866 1238 2940 fratres,
1249 2869 1287 2928 ad
1301 2867 1358 2928 Gli·

188 2975 289 3036 ‘venses
304 2977 480 3037 consiliarios
495 2992 549 3052 pro
562 2975 665 3036 umbre
679 2975 884 3036 concomitstns
899 2981 952 3036 est.
981 2974 1068 3051 Apud
1086 2989 1159 3050 quos
1177 2991 1277 3036 mensa
1296 2980 1361 3036 erat

177 3082 307 3158 opipare
333 3083 488 3158 instructa,
521 3083 570 3143 ubi
598 3088 628 3142 et
654 3081 863 3156 disputationes
886 3083 975 3142 variae
996 3081 1171 3157 inciderunt,
1199 3083 1360 3157 strepenti

160 3187 255 3261 ssunt
274 3187 371 3263 multi,
395 3171 517 3263 quince
537 3187 658 3263 papistis
678 3189 802 3261 palmam
823 3203 876 3246 nec
896 3188 1001 3258 nostris
1021 3189 1170 3250 uictoriam
1189 3187 1358 3248 tribuerent.

160 3351 164 3358 ,
187 3293 232 3354 so
252 3309 336 3354 nemo
354 3295 483 3354 miretur.
522 3288 705 3368 Sapientibus
726 3291 825 3351 mnndi
846 3293 1023 3367 abantiquo
1044 3309 1094 3357 ,res
1112 3295 1217 3354 divinae
1239 3281 1359 3354 ridiculo

175 3395 314 3462 ··inerunt.
358 3398 469 3461 Aderat
494 3400 571 3458 inter
592 3402 714 3458 caeteros
740 3395 816 3458 iilius
837 3377 977 3460 (iotbami
1005 3399 1108 3474 equitis
1131 3400 1225 3461 aurati
1247 3413 1266 3460 a
1287 3399 1358 3460 liet-

187 3504 262 3566 teler
275 3509 329 3565 eto.
360 3506 363 3510 '

189 3643 192 3648 ·
275 3609 432 3672 Doctorem
452 3608 586 3670 carolum
605 3607 779 3686 rogabamus
798 3615 846 3686 ut,
877 3612 903 3672 si
924 3612 1004 3672 locus
1024 3612 1245 3686 concederetur,
1268 3613 1360 3674 nostri

188 3718 360 3778 mentionem
380 3716 459 3792 apud
478 3715 699 3776 Anabatensem
722 3710 839 3776 moeret.
879 3717 955 3778 Huic
975 3719 1136 3784 consultum
1150 3719 1310 3793 videbatur,
1334 3720 1360 3778 si

186 3821 331 3904 quispiam
345 3820 583 3882 subordinaretur
599 3815 623 3896 ²,
647 3821 697 3896 qni
716 3822 796 3904 ,apud
815 3805 961 3899 harpigias
983 3825 1053 3899 istas
1077 3825 1168 3886 multe
1183 3825 1219 3885 dc
1234 3837 1358 3901 pauper·

188 3932 249 3990 tate
263 3933 363 3989 nostra
378 3926 488 3988 diceret
501 3941 538 3986 ao
550 3927 680 3988 redditus
696 3933 809 3991 mosmos
825 3908 1003 3994 extenuaret.
1039 3977 1044 3981 .

277 4031 367 4108 Dum,
389 4033 484 4093 nescio
504 4049 562 4120 qno
581 4034 735 4110 abeuntes,
758 4034 883 4110 hospitio
904 4037 1083 4110 abessemns,
1109 4037 1188 4096 venit
1210 4035 1361 4111 quideme

174 4139 298 4200 camilia
317 4137 505 4219 comitumde
524 4139 760 4215 Mandorscheid,
786 4140 838 4200 der
859 4141 917 4200 alte
932 4140 1077 4218 Tpderich
1096 4143 1221 4218 nomine,
1237 4143 1287 4218 qni
1309 4144 1360 4218 ait,

192 4243 321 4306 dominos
336 4259 412 4319 suos,
436 4243 514 4334 qnod
527 4243 666 4320 Auguste
688 4247 750 4320 sim,
772 4246 899 4319 latuisse,
924 4247 997 4306 alias
1010 4244 1086 4308 forte
1104 4249 1182 4324 ipsos
1196 4249 1236 4309 ad
1249 4265 1295 4309 me
1306 4248 1359 4309 de·

765 4375 785 4414 ὴ

174 4489 177 4494 -
248 4466 260 4514 1
280 4459 342 4514 Das'
353 4460 412 4514 bier
429 4461 661 4531 cingellammsrts
679 4455 751 4515 steht
765 4463 794 4514 in
812 4463 859 4516 der
876 4464 916 4517 bs.
933 4481 975 4517 am
990 4463 1078 4518 rande.
1117 4468 1131 4516 i
1150 4431 1360 4539 subornaretur?
