3046 5104
761 405 824 469 152

198 589 396 652 ¹videbantur.r
421 589 507 648 Nunc
529 591 640 659 autem,
664 585 730 646 dum
749 590 867 658 peccato
886 590 988 646 nostro
1009 591 1038 646 et
1052 586 1154 646 merito
1178 587 1381 650 subunissiores

204 692 272 753 lacti
292 694 379 752 simus
397 699 429 766 et
447 709 519 752 crux
539 691 624 765 adsit,
648 695 751 764 quotus
774 695 819 749 est
838 691 887 763 qui
906 707 964 750 non
984 707 1002 750 a
1022 691 1103 750 nobis
1118 691 1248 751 resiliat?
1284 693 1381 764 Quam

204 814 292 860 rarus
309 803 366 870 est,
390 798 438 871 qui
459 798 505 856 vel
525 797 755 856 concionatorem
774 793 863 854 affatu
886 793 1039 869 dignetur?
1075 794 1132 856 Sed
1149 797 1212 855 haec
1233 795 1321 870 fiunt,
1345 801 1381 855 ut

203 903 299 978 palam
318 900 383 976 fiat,
407 919 475 960 num
494 917 563 960 vere
585 905 671 959 etex
693 889 788 958 animo
804 904 907 958 'nostra
929 901 1044 960 nomina
1065 901 1181 959 veritati
1203 900 1377 974 dederimus,

204 1008 286 1068 amici
303 1006 409 1066 Christi
424 1008 511 1064 simus
528 1011 557 1063 ct
572 1009 717 1080 pracepta
731 1005 792 1076 cjns
808 1005 883 1064 serio
898 1021 1015 1064 servare
1028 1006 1211 1078 voluerimus,
1225 1012 1276 1064 aut
1290 1006 1379 1064 simu·

202 1113 309 1172 latores
324 1111 370 1170 uel
382 1111 541 1189 hypocritae
556 1110 652 1180 sunum,
661 1108 697 1167 de
713 1108 815 1182 quibus
830 1110 872 1168 ait
887 1108 914 1167 d.
931 1109 1048 1168 Tobiae:
1066 1110 1153 1170 «Non
1167 1111 1377 1184 contemplatur

202 1217 311 1278 volun
325 1221 404 1274 tuum
419 1215 512 1272 omnis
525 1213 706 1292 hypocrita«
730 1213 770 1272 Et
788 1213 844 1272 hoc
858 1219 902 1272 cst
918 1212 995 1286 quod
1009 1214 1186 1286 evangelista
1201 1215 1282 1274 dicit:
1300 1216 1378 1288 «Qui

203 1319 272 1380 dicit
286 1336 318 1378 sa
337 1335 493 1394 agnoscere
513 1318 666 1392 Christum,
691 1323 721 1376 et
739 1322 885 1404 praecepta
905 1319 966 1392 ejus
986 1333 1045 1381 uon
1063 1321 1170 1392 servat,
1192 1319 1318 1390 mendax
1333 1326 1379 1378 est

202 1429 233 1486 et
247 1424 404 1484 nonestin
417 1423 602 1482 sonoritas«
627 1423 682 1480 Hic
697 1439 810 1496 quoque
825 1439 911 1496 qnam
925 1423 953 1482 d.
964 1423 1111 1482 Masculus
1126 1401 1246 1484 subinde
1260 1441 1378 1484 movere

202 1529 277 1588 solet
298 1528 498 1602 quaestionem,
522 1527 596 1585 hanc
619 1528 727 1590 scilicet
748 1528 850 1586 movit:
873 1527 914 1586 Et
934 1527 983 1600 qui
1005 1543 1058 1602 ego
1080 1529 1167 1586 miser
1189 1534 1218 1588 et
1240 1535 1378 1602 peccator

201 1647 318 1708 possum
333 1619 449 1691 seruare
463 1638 609 1706 praeoepta
625 1631 754 1694 Christi?
783 1629 944 1705 Respondit
962 1631 1008 1690 hic
1022 1633 1099 1692 idem
1120 1633 1198 1706 quod
1212 1633 1375 1693 Masculus:

202 1737 342 1814 Praepara
363 1754 414 1798 cor
435 1743 515 1797 tunm
536 1737 664 1810 domino,
687 1737 759 1804 uelis
782 1743 812 1796 et
833 1737 930 1811 cupias
954 1753 989 1795 ex
1009 1738 1106 1806 animo
1129 1738 1170 1796 illi
1191 1739 1221 1796 in
1245 1740 1377 1798 omnibus

202 1841 330 1916 obedire,
347 1849 376 1902 et
391 1843 490 1901 conari
504 1858 557 1916 pro
573 1857 657 1916 posse
672 1846 724 1900 est.
749 1839 828 1900 Deus
844 1857 896 1915 per
910 1845 939 1900 et
953 1847 1073 1916 propter
1089 1841 1232 1902 Christum
1252 1843 1305 1902 tibi
1321 1842 1378 1902 hoc

202 1947 241 2008 ad
259 1947 453 2020 impletionem
473 1947 632 2020 reputabit,
657 1945 734 2018 quod
755 1961 790 2004 ex
813 1946 921 2004 intimis
941 1946 1098 2006 visceribus
1118 1953 1148 2007 et
1172 1947 1245 2006 uelle
1268 1963 1376 2022 cupere

201 2051 284 2110 nobis
299 2049 394 2132 dulcis
404 2052 453 2110 illc
467 2051 486 2110 J
488 2067 552 2110 esus
566 2051 667 2125 largiri
681 2049 824 2124 dignetur.
854 2050 956 2111 Amen.

290 2153 400 2215 Eadem
423 2156 490 2214 dum
512 2155 658 2214 nobiscum
680 2156 829 2214 statuimus
851 2154 947 2214 coniti
966 2171 984 2213 a
1005 2133 1120 2214 Nassau
1133 2157 1378 2231 capitulationem

141 2261 145 2270 '
202 2262 281 2322 illam
295 2261 333 2319 ad
348 2259 499 2334 legendum
515 2259 659 2334 exhibere,
676 2263 837 2334 opportune
851 2258 994 2332 Massgrel
1008 2275 1061 2318 nos
1077 2259 1114 2317 ad
1129 2261 1262 2320 comitem
1276 2263 1377 2322 venire

199 2365 304 2439 Juhens
318 2364 401 2423 nobis
416 2363 449 2422 fit
464 2363 585 2423 obviam.
622 2365 776 2424 Venientes
800 2369 895 2422 autem
915 2363 953 2422 ad
974 2363 1105 2444 comitem
1127 2381 1146 2424 a
1165 2365 1279 2427 Nossau
1302 2365 1375 2426 Wil-

201 2470 325 2548 helmum
341 2469 471 2526 comitem
486 2485 504 2544 a
520 2469 710 2542 Witgenstein
726 2469 831 2528 ibidem
845 2469 1068 2542 reperiebamus.
1099 2468 1266 2528 consultum
1286 2471 1376 2545 igitur

203 2573 299 2633 comiti
318 2574 464 2634 aNassau
483 2574 574 2633 visum
597 2579 642 2632 est
658 2574 834 2650 jentaculum
855 2589 970 2631 sumere
988 2577 1017 2631 et
1038 2571 1235 2633 Coloniensem
1257 2575 1288 2634 in
1309 2592 1376 2644 arce

202 2675 462 2753 Velberchadire,
486 2679 644 2752 periculum
666 2677 785 2752 facturi,
809 2679 925 2751 anjam
944 2679 1032 2737 tertio
1054 2678 1133 2752 apud
1155 2673 1376 2740 Atrebatensem

202 2797 290 2856 agere
313 2783 396 2857 uelit,
420 2783 445 2840 si
468 2799 602 2847 numanus
620 2768 712 2842 minui
733 2789 840 2858 posset.
876 2781 1038 2840 Paruimus
1051 2783 1140 2856 igitur
1165 2784 1255 2858 ipsius
1282 2785 1375 2844 consi·

202 2887 243 2947 lio
265 2903 299 2946 ac
323 2887 398 2947 circa
420 2887 557 2946 decimam
577 2887 831 2967 antemeridianam
852 2899 885 2945 ec
912 2887 1059 2945 venientes
1080 2883 1328 2962 archiepiscopum
1346 2891 1376 2948 in

202 2991 323 3052 aedicula
338 2991 462 3066 quadam
477 2997 544 3052 ante
564 2997 679 3066 pontem
698 2994 772 3052 arcis
792 2992 939 3076 sedentem
959 2993 1127 3066 invenimus,
1152 2993 1202 3066 qui
1222 3000 1376 3068 conspecto

202 3099 305 3157 comite
320 3097 473 3157 Wilhclmo
488 3096 529 3154 illi
546 3097 658 3179 obviant
674 3098 814 3172 processit
828 3097 910 3156 nobis
931 3113 1044 3170 quoque
1064 3097 1193 3157 demam
1213 3099 1375 3172 porrigens.

202 3201 296 3264 Erant
310 3202 341 3260 iu
356 3201 493 3261 comitatu
508 3201 653 3260 Wilhelmi
669 3203 778 3266 comitis
794 3202 910 3287 Vitusa
924 3201 1083 3275 Veldtburg
1098 3207 1229 3276 satrapas
1244 3204 1274 3262 iu
1286 3205 1374 3263 Vian·

202 3305 259 3367 den
274 3312 304 3365 et
319 3303 480 3380 Stephanus
494 3306 620 3365 medicus
635 3325 653 3368 a
667 3306 791 3380 Bredaa,
815 3305 984 3382 Wilhelmus
1005 3321 1023 3364 a
1038 3305 1230 3379 Witgenstein
1250 3311 1280 3366 et
1293 3309 1374 3368 Wol-

202 3410 290 3470 radus
304 3409 381 3483 apud
396 3411 641 3484 arehiepiscopum
653 3415 759 3484 praeter
770 3411 895 3482 reliquos
908 3409 1015 3469 aulicos
1025 3411 1093 3472 ouo
1106 3426 1200 3471 comes
1213 3412 1374 3472 aSchaum-

202 3511 287 3588 burg,
303 3529 455 3588 gemamus
471 3515 597 3590 episcopi
611 3514 710 3588 frater,
719 3515 860 3573 Ernestus
876 3518 905 3572 et
919 3513 1105 3573 Eberhardus
1118 3519 1235 3576 comites
1247 3517 1373 3591 abolute,

203 3617 301 3680 Simon
320 3636 338 3679 a
357 3619 463 3694 Lippia
482 3635 576 3678 comes
597 3637 631 3677 ac
646 3619 746 3678 doctor
767 3620 865 3679 Simon
887 3619 923 3678 de
944 3619 1110 3693 Montebur,
1134 3621 1184 3694 qni
1204 3621 1375 3680 Treverensi

202 3725 336 3798 episcopo
351 3740 369 3782 a
383 3723 529 3782 medicinis
545 3731 597 3798 est,
621 3730 712 3804 erant.
743 3721 814 3782 Mox
827 3725 1033 3798 igiturmensa
1051 3720 1192 3798 apparata
1213 3731 1243 3783 et
1256 3727 1375 3798 opipare

203 3845 339 3902 pransum
355 3834 407 3901 est,
432 3829 662 3904 archiepiscopus
678 3845 711 3898 se
723 3827 829 3887 ibidem
844 3828 928 3902 lon-gc
944 3829 1039 3904 alium,
1061 3845 1147 3901 quam
1162 3829 1300 3903 Augusta
1316 3829 1374 3888 lue-

203 3939 259 4008 rat,
282 3933 415 4008 praebuit.
453 3934 578 4006 Rogavit
597 3949 711 4006 quoque
731 3938 763 3991 ut
783 3932 952 3993 Wilhehnus
974 3949 1067 3992 comes
1090 3938 1119 3992 ct
1139 3951 1191 3993 nos
1211 3935 1301 3993 ceteri
1316 3951 1373 3994 coe·

202 4051 269 4096 uam
284 4053 399 4112 quoque
413 4053 476 4094 cum
491 4039 553 4111 ipso
569 4040 755 4113 sumeremus
777 4038 880 4110 inquo
900 4039 942 4097 illi
961 4055 1071 4103 morem
1090 4055 1145 4104 nos
1163 4055 1296 4113 gessuros
1314 4039 1374 4112 pol·

203 4141 274 4201 liciti
289 4132 396 4200 sumus.
442 4127 445 4132 ’
798 4121 800 4124 ’
1014 4151 1017 4158 ’

290 4246 318 4304 Α
332 4243 454 4320 prandio
470 4233 702 4322 archiepiscopus
719 4250 801 4306 extra
815 4263 910 4307 arcem
930 4263 982 4306 nos
1002 4248 1105 4312 ceteris
1122 4248 1218 4322 ipsum
1237 4249 1373 4308 comitan-

202 4349 278 4410 tibus
292 4351 322 4409 in
337 4354 462 4425 pontem,
487 4342 590 4412 deinde
605 4353 634 4408 in
648 4354 818 4425 pomoeriuin
833 4332 982 4416 seruatum
1001 4352 1070 4426 ibat,
1093 4352 1142 4411 nbi
1161 4354 1245 4428 pueri
1265 4354 1373 4428 episco-

203 4455 287 4529 pales
299 4455 496 4514 saltationibus
513 4460 541 4514 et
556 4456 693 4529 palaestra
713 4473 743 4515 se
763 4472 898 4516 exercerc
916 4457 990 4531 jussi
1012 4463 1090 4526 sunt,
1125 4458 1285 4534 Episcopus
1307 4475 1373 4532 quo-
