3046 5104
795 448 858 526 '¹08

243 665 310 708 aare
325 645 434 720 aliquid
449 644 547 719 possit,
571 641 612 702 ilii
627 642 777 704 subvenire
791 619 890 702 velint.
928 639 1077 699 Praeterea
1096 637 1160 712 quae
1179 640 1218 699 ad
1232 639 1308 698 hune
1321 655 1417 714 nsque

241 751 317 812 diem
335 747 456 809 inferior
470 748 620 807 Pannonia
634 737 763 807 aTurcis
779 733 916 819 perpessa
931 746 977 818 sit,
994 760 1107 804 eaesae
1122 743 1293 818 hujusmodi,
1310 749 1344 803 nt
1358 746 1416 803 uisi

241 873 260 916 a
275 855 389 914 natoue
412 853 576 928 germanica
590 853 736 926 'suppetias
751 833 865 928 habeat,
889 850 1009 925 posthac
1024 851 1158 908 susdneri
1173 856 1326 924 nequeant.
1356 850 1417 910 Sed

241 961 374 1020 Austrios
389 961 467 1032 ipsos
482 959 609 1016 crastino
624 971 740 1016 cansam
754 973 834 1015 suam
850 956 927 1028 apud
942 959 1034 1013 statum
1050 955 1162 1028 imperii
1177 956 1368 1028 expositurus.

322 1064 447 1140 interim
471 1061 542 1121 illud
564 1061 601 1122 ab
625 1043 838 1134 archiepiscopo
864 1059 1051 1134 Mogontiuo,
1080 1059 1215 1119 videlieet
1242 1060 1415 1120 cancellar-io

241 1151 294 1244 per
308 1167 500 1242 Germaniam,
516 1165 707 1242 evulgandum
722 1166 834 1226 dicitur.

330 1274 397 1332 Dux
412 1256 566 1330 Mauritius
589 1271 697 1330 elector
719 1271 748 1330 in
771 1268 855 1329 domo
870 1266 1042 1355 Marqnardi
1058 1285 1076 1328 a
1091 1268 1172 1351 Staiu
1192 1253 1340 1342 praepositi
1353 1267 1415 1326 An·

242 1377 365 1454 guatoni,
380 1377 549 1450 Mcg‘untini
563 1357 594 1434 et
606 1373 826 1449 Bambergensis
840 1375 1014 1462 hospitatur.

332 1481 392 1542 Sub
414 1475 578 1540 concionem
600 1477 689 1545 fiebat
709 1479 836 1538 delectus
855 1479 998 1552 peditum,
1021 1479 1069 1552 qul
1093 1493 1150 1552 quc
1172 1477 1292 1552 propius
1306 1479 1415 1552 templo

243 1584 372 1647 Mauritii
387 1585 562 1649 accedebant
582 1585 668 1660 (istuc
687 1585 761 1643 enim
777 1585 833 1642 illis
853 1583 1084 1656 praetereundum
1106 1587 1170 1641 erat
1184 1581 1347 1642 volentibus
1361 1597 1416 1656 per

242 1691 335 1752 forum
351 1690 473 1750 Oaesaris
486 1691 625 1763 palatium
639 1687 744 1762 adire),
769 1703 803 1746 eo
818 1686 921 1748 fortius
936 1694 1087 1762 tympanas
1103 1687 1289 1747 incutiebant.

295 1829 298 1840 ι
330 1797 357 1856 A
373 1797 508 1856 concione
523 1796 687 1855 volebamus
702 1791 922 1853 Atrebatensem
937 1792 1056 1867 alloqui,
1079 1809 1178 1860 verum
1198 1793 1333 1852 ostiarius
1348 1811 1415 1853 eum

242 1903 305 1962 heri
330 1903 382 1962 sub
398 1917 510 1962 nonam
533 1902 624 1959 nonde
645 1905 792 1973 vocatum,
818 1905 851 1958 ut
869 1892 924 1956 hoc
951 1883 1033 1956 mane
1054 1877 1248 1971 tempestivius
1270 1897 1416 1958 Gaesarem
1513 1895 1517 1914 “

242 1987 344 2080 adiret,
361 2006 465 2080 aiebat,
479 2001 596 2078 jamque
611 2006 704 2094 ipsum
720 2003 834 2062 abiisse.
873 2001 1013 2069 Posthac
1032 2001 1171 2075 palatium
1185 1987 1346 2064 archiducis
1362 2021 1415 2078 pe-

242 2115 334 2172 titum.
375 2112 445 2170 llloc
460 2117 559 2170 antem
572 2105 665 2168 adhuc
679 2107 804 2167 silebant
819 2083 928 2182 omnia,
950 2113 979 2168 et
1000 2107 1139 2179 archidux
1154 2108 1257 2181 plumis
1272 2107 1414 2168 haerebat.

241 2216 399 2276 Statuimus
415 2215 621 2290 deinViglinm
636 2214 810 2272 Znichennm
825 2215 964 2285 invisere,
988 2213 1026 2271 ad
1040 2215 1119 2288 cujns
1139 2212 1334 2273 habitaculum
1349 2229 1415 2272 cum

242 2321 465 2395 perveniremus,
489 2319 594 2378 ductor.
604 2318 692 2376 Fisoh
708 2335 771 2376 cum
793 2317 857 2393 ipso
872 2333 959 2391 super
973 2317 1096 2390 negotiis
1112 2320 1170 2377 onis
1185 2318 1413 2392 colloquebatur.

241 2425 336 2497 Hujus
351 2425 439 2498 igitur
455 2423 562 2484 abitum
577 2423 776 2496 praestolantes
791 2439 825 2482 ac
840 2421 1004 2497 confestim,
1030 2423 1078 2483 nbi
1098 2423 1144 2482 hie
1159 2423 1267 2498 abiret,
1288 2425 1415 2499 Vrglinm

242 2532 272 2588 iu
286 2527 470 2588 hibernacula
486 2543 537 2586 suo
553 2528 744 2602 convenimus,
768 2529 810 2586 illi
826 2533 1002 2600 exponentes
1018 2543 1083 2601 quae
1102 2526 1139 2588 ad
1153 2527 1415 2598 causamucstram

241 2625 382 2714 facerent,
395 2633 443 2706 qni
458 2634 552 2692 omnia
568 2631 681 2706 quidem
688 2633 832 2706 patienter
844 2633 964 2698 audivit.
976 2633 1083 2692 Verum
1098 2634 1139 2692 ait
1154 2649 1270 2692 causam
1284 2640 1415 2694 neumam

241 2741 272 2798 in
287 2739 406 2798 concilio
422 2736 541 2812 quidem,
556 2737 697 2810 imperiali
718 2742 872 2796 tractatam
892 2753 955 2795 esse
965 2743 1000 2796 'et
1015 2753 1048 2796 ec
1065 2733 1226 2812 deventum,
1242 2743 1275 2798 ut
1287 2738 1413 2800 Atreba-
1516 2767 1517 2824 ,

241 2843 331 2922 tensis
355 2844 391 2903 de
405 2843 450 2902 his
466 2858 598 2902 caesareae
614 2844 758 2917 majestati
773 2843 942 2934 relationem
961 2841 1058 2902 facere
1073 2843 1228 2916 sltjnssns.
1267 2843 1301 2903 Id
1316 2849 1415 2904 autem
1516 2831 1517 2836 ἵ

241 2951 377 3010 hactenus
393 2948 429 3008 ab
443 2947 635 3026 atrebatense
650 2948 687 3008 ob
703 2948 821 3036 negocia
836 2948 948 3020 imperii
962 2939 1134 3036 Hispanico,
1156 2954 1187 3007 et
1201 2950 1278 3022 quo'd
1293 2949 1331 3010 de
1346 2967 1412 3024 pro·
1516 3007 1517 3038 ,

238 3042 364 3116 factione
379 3055 538 3115 archiduois
559 3055 621 3128 jem
635 3054 748 3113 solliciti
771 3053 842 3125 sint,
864 3056 894 3110 et
912 3053 1008 3111 nescio
1030 3068 1101 3126 quas
1121 3050 1304 3128 negociorum
1323 3057 1414 3115 moles

241 3165 439 3237 procurarent,
455 3157 520 3216 fieri
535 3160 743 3231 nonpotuisse.
767 3158 859 3218 macta
874 3163 918 3216 est
929 3163 959 3216 et
969 3157 1083 3217 anobis
1097 3160 1214 3234 mentio,
1231 3172 1299 3218 uum
1313 3173 1412 3234 posse·

240 3283 303 3324 mus
318 3265 357 3324 ad
370 3269 482 3336 tempus
498 3262 615 3334 aliquod
632 3268 696 3323 oum
711 3264 806 3336 gratia
821 3263 940 3336 dimitti,
966 3263 1017 3321 sed
1041 3263 1071 3322 id
1087 3265 1201 3324 omnino
1216 3281 1275 3324 uon
1288 3263 1352 3325 fore
1366 3284 1412 3326 re·

241 3367 365 3445 spondit.
388 3367 470 3428 Dixit
485 3381 598 3440 quoque
614 3366 796 3426 archiducem
811 3367 866 3426 sibi
881 3368 956 3426 serio
971 3369 1136 3442 injunxisse,
1153 3387 1210 3442 quo
1226 3371 1287 3442 ipse
1301 3371 1414 3446 Viglius

242 3472 320 3559 apud
334 3471 555 3546 Atrebatensem
570 3471 700 3545 instaret,
717 3478 749 3530 ut
764 3467 871 3530 Caesari
887 3465 973 3532 causa
988 3478 1088 3532 nostra
1102 3471 1267 3548 referretur,
1284 3470 1412 3536 acAtre·

242 3578 389 3638 batensem
416 3577 471 3650 ipsi
497 3576 641 3634 Zuieheno
663 3575 829 3636 schedulam
855 3578 1013 3638 ostendisse
1043 3579 1073 3635 in
1094 3593 1151 3650 qua
1173 3577 1271 3652 multu
1292 3581 1413 3654 privatae

241 3699 335 3778 censae
350 3682 470 3756 signatae
494 3674 595 3740 essent
604 3685 735 3741 c'aesareae
750 3684 894 3756 maiestati
909 3681 1081 3756 referendae,
1108 3683 1235 3743 nondum
1249 3690 1347 3745 autem
1362 3705 1411 3764 op·
1516 3667 1517 3716 ³

241 3789 447 3865 portunitatem
462 3787 607 3862 obtigisse,
624 3793 656 3846 ut
672 3787 708 3846 de
723 3787 767 3846 his
782 3803 846 3846 cum
862 3787 975 3848 Caesare
990 3789 1038 3860 agi
1052 3793 1158 3862 posset.
1179 3783 1270 3863 Nam,
1288 3791 1330 3849 ait
1343 3791 1411 3866 Vig·
1516 3853 1517 3858 .

241 3894 305 3967 lius,
323 3892 420 3952 Gaesar
435 3905 492 3949 non
508 3896 552 3950 est
566 3893 608 3951 ita
622 3893 740 3966 otiosus,
757 3898 790 3952 ut
804 3896 861 3950 stet
875 3898 905 3950 et
919 3892 1018 3952 addim
1033 3887 1209 3970 privatarum
1223 3911 1322 3952 rerum
1337 3896 1411 3954 rela-

241 3999 357 4057 tionem.
396 3995 526 4068 Rogatus
541 3989 640 4072 igitur,
664 4004 697 4056 ut
711 3998 792 4058 nobis
808 4013 890 4055 suum
905 3997 1068 4072 consilium,
1092 4000 1141 4070 qui
1156 4000 1285 4074 posthaec
1298 4015 1347 4058 res
1362 4017 1411 4074 ag·
1516 4029 1517 4034 .

241 4101 407 4176 gredieudae
423 4107 527 4174 essent,
543 4103 747 4175 impartiretur,
771 4081 844 4161 diruit
858 4117 889 4159 se
905 4101 977 4160 nihil
992 4104 1063 4168 uerti
1080 4105 1162 4177 scire,
1178 4105 1275 4162 omnia
1291 4105 1368 4162 enim
1383 4119 1413 4163 se

241 4205 351 4280 fecisse,
368 4207 516 4266 consulere
539 4199 634 4266 autem
655 4212 688 4265 ut
706 4207 801 4280 exigui
823 4207 960 4278 temporis
980 4223 1062 4266 mora
1081 4208 1127 4266 hio
1142 4225 1200 4266 nun
1214 4188 1412 4284 fatigaremur.

242 4312 328 4384 Spem
349 4327 411 4370 asse
435 4313 512 4370 intra
534 4309 641 4385 paucos
662 4310 722 4369 dies
747 4325 862 4370 causam
884 4315 1013 4370 nostram
1036 4313 1145 4386 peragi.
1186 4289 1223 4402 Se
1243 4311 1313 4374 vero
1334 4319 1413 4375 certo

241 4416 331 4490 seme,
341 4414 561 4492 Atrebateusem
575 4413 630 4472 hcc
642 4414 801 4474 meridiano
811 4411 945 4488 ‘tempore
966 4415 1038 4493 nihil
1052 4399 1162 4476 referre
1177 4405 1314 4491 potuisse.
1354 4421 1412 4480 Rc·
1516 4431 1517 4470 3

242 4519 370 4595 gavimus
386 4517 467 4591 inde,
488 4523 521 4577 ut
542 4518 604 4592 ipse
627 4517 707 4593 apud
725 4519 942 4578 Atrebateusem
957 4535 1010 4596 pro
1033 4520 1116 4580 uobis
1130 4539 1218 4598 agere
1234 4523 1412 4600 dignaretur.
