<?xml version="1.0" encoding="UTF-8"?>
<!DOCTYPE html PUBLIC "-//W3C//DTD XHTML 1.0 Transitional//EN"
    "http://www.w3.org/TR/xhtml1/DTD/xhtml1-transitional.dtd">
<html xmlns="http://www.w3.org/1999/xhtml" xml:lang="en" lang="en">
 <head>
  <title>
</title>
<meta http-equiv="Content-Type" content="text/html;charset=utf-8" />
  <meta name='ocr-system' content='tesseract 3.04.00' />
  <meta name='ocr-capabilities' content='ocr_page ocr_carea ocr_par ocr_line ocrx_word'/>
</head>
<body>
  <div class='ocr_page' id='page_1' title='image "./desgrafenwolrad02trosgoog_0041.png"; bbox 0 0 3054 5110; ppageno 0'>
   <div class='ocr_carea' id='block_1_1' title="bbox 762 387 807 455">
    <p class='ocr_par' dir='ltr' id='par_1_1' title="bbox 762 387 807 455">
     <span class='ocr_line' id='line_1_1' title="bbox 762 387 807 455; baseline 0 0"><span class='ocrx_word' id='word_1_1' title='bbox 762 387 807 455; x_wconf 74' lang='grc'>30</span> 
     </span>
    </p>
   </div>
   <div class='ocr_carea' id='block_1_2' title="bbox 133 561 1379 4540">
    <p class='ocr_par' dir='ltr' id='par_1_2' title="bbox 202 561 1379 2762">
     <span class='ocr_line' id='line_1_2' title="bbox 205 561 1379 648; baseline -0.002 -16"><span class='ocrx_word' id='word_1_2' title='bbox 205 570 289 648; x_wconf 86' lang='lat' dir='ltr'>fecto,</span> <span class='ocrx_word' id='word_1_3' title='bbox 305 567 418 639; x_wconf 83' lang='lat' dir='ltr'>domine</span> <span class='ocrx_word' id='word_1_4' title='bbox 433 569 542 646; x_wconf 86' lang='lat' dir='ltr'>doctor,</span> <span class='ocrx_word' id='word_1_5' title='bbox 557 571 660 646; x_wconf 88' lang='lat' dir='ltr'>inquit,</span> <span class='ocrx_word' id='word_1_6' title='bbox 675 572 706 632; x_wconf 90' lang='lat' dir='ltr'>in</span> <span class='ocrx_word' id='word_1_7' title='bbox 720 570 774 629; x_wconf 90' lang='lat' dir='ltr'>hoo</span> <span class='ocrx_word' id='word_1_8' title='bbox 789 567 872 630; x_wconf 87' lang='lat' dir='ltr'>nobis</span> <span class='ocrx_word' id='word_1_9' title='bbox 887 561 1048 644; x_wconf 79' lang='grc'>10101011,</span> <span class='ocrx_word' id='word_1_10' title='bbox 1063 567 1130 630; x_wconf 89' lang='lat' dir='ltr'>nam</span> <span class='ocrx_word' id='word_1_11' title='bbox 1141 568 1284 644; x_wconf 74' lang='grc'>10100101</span> <span class='ocrx_word' id='word_1_12' title='bbox 1297 569 1379 630; x_wconf 81' lang='lat' dir='ltr'>nulla</span> 
     </span>
     <span class='ocr_line' id='line_1_3' title="bbox 205 673 1379 751; baseline -0.003 -12"><span class='ocrx_word' id='word_1_13' title='bbox 205 685 266 739; x_wconf 90' lang='lat' dir='ltr'>tum</span> <span class='ocrx_word' id='word_1_14' title='bbox 279 677 416 751; x_wconf 87' lang='lat' dir='ltr'>temporis</span> <span class='ocrx_word' id='word_1_15' title='bbox 431 679 537 738; x_wconf 89' lang='lat' dir='ltr'>mentio</span> <span class='ocrx_word' id='word_1_16' title='bbox 551 678 650 738; x_wconf 87' lang='lat' dir='ltr'>habita</span> <span class='ocrx_word' id='word_1_17' title='bbox 666 683 719 737; x_wconf 83' lang='lat' dir='ltr'>est.</span> <span class='ocrx_word' id='word_1_18' title='bbox 743 675 892 751; x_wconf 74' lang='lat' dir='ltr'>invertens</span> <span class='ocrx_word' id='word_1_19' title='bbox 907 677 996 751; x_wconf 82' lang='lat' dir='ltr'>igitur</span> <span class='ocrx_word' id='word_1_20' title='bbox 1006 673 1117 737; x_wconf 85' lang='lat' dir='ltr'>Doctor</span> <span class='ocrx_word' id='word_1_21' title='bbox 1132 691 1301 750; x_wconf 88' lang='lat' dir='ltr'>sermonem,</span> <span class='ocrx_word' id='word_1_22' title='bbox 1318 693 1379 738; x_wconf 93' lang='lat' dir='ltr'>nou</span> 
     </span>
     <span class='ocr_line' id='line_1_4' title="bbox 206 780 1378 866; baseline 0.001 -25"><span class='ocrx_word' id='word_1_23' title='bbox 206 781 242 842; x_wconf 88' lang='lat' dir='ltr'>de</span> <span class='ocrx_word' id='word_1_24' title='bbox 257 784 347 858; x_wconf 90' lang='lat' dir='ltr'>vobis,</span> <span class='ocrx_word' id='word_1_25' title='bbox 365 781 415 842; x_wconf 89' lang='lat' dir='ltr'>sed</span> <span class='ocrx_word' id='word_1_26' title='bbox 430 783 572 856; x_wconf 77' lang='lat' dir='ltr'>aliquibus</span> <span class='ocrx_word' id='word_1_27' title='bbox 587 799 623 842; x_wconf 83' lang='lat' dir='ltr'>ex</span> <span class='ocrx_word' id='word_1_28' title='bbox 637 783 740 842; x_wconf 86' lang='lat' dir='ltr'>vestris</span> <span class='ocrx_word' id='word_1_29' title='bbox 755 780 869 856; x_wconf 87' lang='lat' dir='ltr'>loquor,</span> <span class='ocrx_word' id='word_1_30' title='bbox 886 781 1023 854; x_wconf 87' lang='lat' dir='ltr'>ociusque</span> <span class='ocrx_word' id='word_1_31' title='bbox 1038 798 1056 841; x_wconf 91' lang='grc'>0</span> <span class='ocrx_word' id='word_1_32' title='bbox 1070 793 1170 866; x_wconf 86' lang='lat' dir='ltr'>mansa</span> <span class='ocrx_word' id='word_1_33' title='bbox 1184 781 1378 862; x_wconf 78' lang='lat' dir='ltr'>protocollum</span> 
     </span>
     <span class='ocr_line' id='line_1_5' title="bbox 205 885 1378 972; baseline -0.001 -23"><span class='ocrx_word' id='word_1_34' title='bbox 205 889 346 963; x_wconf 80' lang='lat' dir='ltr'>arripiens</span> <span class='ocrx_word' id='word_1_35' title='bbox 361 889 432 948; x_wconf 91' lang='lat' dir='ltr'>haec</span> <span class='ocrx_word' id='word_1_36' title='bbox 446 886 507 948; x_wconf 90' lang='lat' dir='ltr'>iere</span> <span class='ocrx_word' id='word_1_37' title='bbox 521 889 604 962; x_wconf 79' lang='lat' dir='ltr'>legit:</span> <span class='ocrx_word' id='word_1_38' title='bbox 629 905 662 948; x_wconf 90' lang='lat' dir='ltr'>so</span> <span class='ocrx_word' id='word_1_39' title='bbox 677 887 772 946; x_wconf 90' lang='lat' dir='ltr'>seindt</span> <span class='ocrx_word' id='word_1_40' title='bbox 786 904 838 948; x_wconf 89' lang='lat' dir='ltr'>vor</span> <span class='ocrx_word' id='word_1_41' title='bbox 857 905 929 947; x_wconf 91' lang='lat' dir='ltr'>vnns</span> <span class='ocrx_word' id='word_1_42' title='bbox 949 887 1136 972; x_wconf 78' lang='lat' dir='ltr'>emchienenn</span> <span class='ocrx_word' id='word_1_43' title='bbox 1155 885 1239 948; x_wconf 85' lang='lat' dir='ltr'>Graii</span> <span class='ocrx_word' id='word_1_44' title='bbox 1258 887 1378 950; x_wconf 86' lang='lat' dir='ltr'>Johann</span> 
     </span>
     <span class='ocr_line' id='line_1_6' title="bbox 205 991 1377 1072; baseline -0.002 -18"><span class='ocrx_word' id='word_1_45' title='bbox 205 991 417 1054; x_wconf 83' lang='lat' dir='ltr'>vonwaldeck</span> <span class='ocrx_word' id='word_1_46' title='bbox 429 992 507 1072; x_wconf 89' lang='lat' dir='ltr'>vnnd</span> <span class='ocrx_word' id='word_1_47' title='bbox 523 991 605 1052; x_wconf 83' lang='lat' dir='ltr'>Graii</span> <span class='ocrx_word' id='word_1_48' title='bbox 618 991 721 1051; x_wconf 83' lang='lat' dir='ltr'>Albert</span> <span class='ocrx_word' id='word_1_49' title='bbox 734 1007 791 1051; x_wconf 91' lang='lat' dir='ltr'>von</span> <span class='ocrx_word' id='word_1_50' title='bbox 806 992 858 1052; x_wconf 91' lang='lat' dir='ltr'>der</span> <span class='ocrx_word' id='word_1_51' title='bbox 873 994 957 1066; x_wconf 89' lang='lat' dir='ltr'>Hoya</span> <span class='ocrx_word' id='word_1_52' title='bbox 972 998 1042 1067; x_wconf 82' lang='grc'>010,</span> <span class='ocrx_word' id='word_1_53' title='bbox 1063 993 1163 1052; x_wconf 83' lang='grc'>011010</span> <span class='ocrx_word' id='word_1_54' title='bbox 1182 995 1235 1053; x_wconf 87' lang='lat' dir='ltr'>wir</span> <span class='ocrx_word' id='word_1_55' title='bbox 1252 995 1307 1068; x_wconf 80' lang='lat' dir='ltr'>J‘nn</span> <span class='ocrx_word' id='word_1_56' title='bbox 1329 993 1377 1054; x_wconf 91' lang='lat' dir='ltr'>die</span> 
     </span>
     <span class='ocr_line' id='line_1_7' title="bbox 204 1095 1379 1177; baseline 0 -21"><span class='ocrx_word' id='word_1_57' title='bbox 204 1097 388 1172; x_wconf 81' lang='lat' dir='ltr'>versohnung</span> <span class='ocrx_word' id='word_1_58' title='bbox 399 1096 605 1172; x_wconf 83' lang='lat' dir='ltr'>vilgenomcnn,</span> <span class='ocrx_word' id='word_1_59' title='bbox 620 1095 705 1158; x_wconf 91' lang='lat' dir='ltr'>idoch</span> <span class='ocrx_word' id='word_1_60' title='bbox 717 1097 758 1177; x_wconf 83' lang='lat' dir='ltr'>sie</span> <span class='ocrx_word' id='word_1_61' title='bbox 769 1095 806 1156; x_wconf 92' lang='lat' dir='ltr'>do</span> <span class='ocrx_word' id='word_1_62' title='bbox 816 1096 864 1157; x_wconf 86' lang='lat' dir='ltr'>bie</span> <span class='ocrx_word' id='word_1_63' title='bbox 877 1095 1079 1172; x_wconf 88' lang='lat' dir='ltr'>bescheidenn,</span> <span class='ocrx_word' id='word_1_64' title='bbox 1095 1098 1136 1156; x_wconf 90' lang='lat' dir='ltr'>sie</span> <span class='ocrx_word' id='word_1_65' title='bbox 1151 1098 1265 1158; x_wconf 86' lang='lat' dir='ltr'>soltenn</span> <span class='ocrx_word' id='word_1_66' title='bbox 1279 1096 1379 1158; x_wconf 88' lang='lat' dir='ltr'>ferner</span> 
     </span>
     <span class='ocr_line' id='line_1_8' title="bbox 205 1201 1378 1282; baseline 0.002 -22"><span class='ocrx_word' id='word_1_67' title='bbox 205 1201 372 1276; x_wconf 79' lang='lat' dir='ltr'>derewegen</span> <span class='ocrx_word' id='word_1_68' title='bbox 389 1203 435 1262; x_wconf 91' lang='lat' dir='ltr'>bie</span> <span class='ocrx_word' id='word_1_69' title='bbox 450 1203 716 1277; x_wconf 79' lang='lat' dir='ltr'>derlrayserlichen</span> <span class='ocrx_word' id='word_1_70' title='bbox 730 1202 875 1276; x_wconf 83' lang='lat' dir='ltr'>Mayestet</span> <span class='ocrx_word' id='word_1_71' title='bbox 889 1202 1067 1278; x_wconf 75' lang='lat' dir='ltr'>Ausuchung</span> <span class='ocrx_word' id='word_1_72' title='bbox 1080 1203 1153 1262; x_wconf 87' lang='lat' dir='ltr'>thun</span> <span class='ocrx_word' id='word_1_73' title='bbox 1168 1208 1222 1263; x_wconf 88' lang='lat' dir='ltr'>eto.</span> <span class='ocrx_word' id='word_1_74' title='bbox 1252 1203 1293 1282; x_wconf 82' lang='lat' dir='ltr'>Et</span> <span class='ocrx_word' id='word_1_75' title='bbox 1307 1207 1378 1276; x_wconf 89' lang='grc'>0001</span> 
     </span>
     <span class='ocr_line' id='line_1_9' title="bbox 202 1287 1377 1384; baseline 0.003 -20"><span class='ocrx_word' id='word_1_76' title='bbox 202 1307 293 1366; x_wconf 90' lang='lat' dir='ltr'>multa</span> <span class='ocrx_word' id='word_1_77' title='bbox 308 1307 404 1367; x_wconf 89' lang='lat' dir='ltr'>attulit</span> <span class='ocrx_word' id='word_1_78' title='bbox 418 1307 499 1368; x_wconf 88' lang='lat' dir='ltr'>haec.</span> <span class='ocrx_word' id='word_1_79' title='bbox 523 1308 560 1369; x_wconf 81' lang='lat' dir='ltr'>Se</span> <span class='ocrx_word' id='word_1_80' title='bbox 576 1314 605 1367; x_wconf 89' lang='lat' dir='ltr'>et</span> <span class='ocrx_word' id='word_1_81' title='bbox 619 1311 664 1368; x_wconf 92' lang='lat' dir='ltr'>sni</span> <span class='ocrx_word' id='word_1_82' title='bbox 678 1307 875 1368; x_wconf 86' lang='lat' dir='ltr'>albihomines</span> <span class='ocrx_word' id='word_1_83' title='bbox 885 1304 956 1368; x_wconf 86' lang='lat' dir='ltr'>nihil</span> <span class='ocrx_word' id='word_1_84' title='bbox 965 1307 1044 1368; x_wconf 85' lang='lat' dir='ltr'>aliud</span> <span class='ocrx_word' id='word_1_85' title='bbox 1057 1307 1171 1368; x_wconf 83' lang='lat' dir='ltr'>efficere</span> <span class='ocrx_word' id='word_1_86' title='bbox 1181 1323 1275 1384; x_wconf 89' lang='lat' dir='ltr'>posse,</span> <span class='ocrx_word' id='word_1_87' title='bbox 1288 1287 1377 1382; x_wconf 88' lang='lat' dir='ltr'>quam</span> 
     </span>
     <span class='ocr_line' id='line_1_10' title="bbox 205 1393 1378 1489; baseline 0.002 -19"><span class='ocrx_word' id='word_1_88' title='bbox 205 1416 238 1470; x_wconf 90' lang='lat' dir='ltr'>ut</span> <span class='ocrx_word' id='word_1_89' title='bbox 258 1419 405 1486; x_wconf 88' lang='lat' dir='ltr'>curarent,</span> <span class='ocrx_word' id='word_1_90' title='bbox 430 1403 491 1485; x_wconf 66' lang='lat' dir='ltr'>quo&#39;</span> <span class='ocrx_word' id='word_1_91' title='bbox 506 1429 593 1473; x_wconf 88' lang='lat' dir='ltr'>causa</span> <span class='ocrx_word' id='word_1_92' title='bbox 612 1418 712 1474; x_wconf 86' lang='lat' dir='ltr'>nostra</span> <span class='ocrx_word' id='word_1_93' title='bbox 732 1413 770 1473; x_wconf 88' lang='lat' dir='ltr'>ad</span> <span class='ocrx_word' id='word_1_94' title='bbox 791 1413 934 1474; x_wconf 83' lang='lat' dir='ltr'>Gaesarem</span> <span class='ocrx_word' id='word_1_95' title='bbox 952 1411 1110 1475; x_wconf 81' lang='lat' dir='ltr'>referretur</span> <span class='ocrx_word' id='word_1_96' title='bbox 1133 1418 1162 1474; x_wconf 89' lang='lat' dir='ltr'>et</span> <span class='ocrx_word' id='word_1_97' title='bbox 1183 1393 1221 1473; x_wconf 88' lang='lat' dir='ltr'>ad</span> <span class='ocrx_word' id='word_1_98' title='bbox 1242 1414 1273 1473; x_wconf 91' lang='lat' dir='ltr'>id</span> <span class='ocrx_word' id='word_1_99' title='bbox 1291 1413 1378 1489; x_wconf 85' lang='lat' dir='ltr'>nobis</span> 
     </span>
     <span class='ocr_line' id='line_1_11' title="bbox 205 1515 1378 1602; baseline 0.003 -27"><span class='ocrx_word' id='word_1_100' title='bbox 205 1531 286 1576; x_wconf 87' lang='lat' dir='ltr'>suam</span> <span class='ocrx_word' id='word_1_101' title='bbox 306 1517 422 1590; x_wconf 82' lang='lat' dir='ltr'>operam</span> <span class='ocrx_word' id='word_1_102' title='bbox 443 1517 584 1602; x_wconf 73' lang='lat' dir='ltr'>pollicitus</span> <span class='ocrx_word' id='word_1_103' title='bbox 605 1525 657 1579; x_wconf 87' lang='lat' dir='ltr'>est.</span> <span class='ocrx_word' id='word_1_104' title='bbox 696 1518 753 1580; x_wconf 90' lang='lat' dir='ltr'>Ubi</span> <span class='ocrx_word' id='word_1_105' title='bbox 772 1533 840 1579; x_wconf 87' lang='lat' dir='ltr'>vero</span> <span class='ocrx_word' id='word_1_106' title='bbox 861 1533 948 1578; x_wconf 90' lang='lat' dir='ltr'>eausa</span> <span class='ocrx_word' id='word_1_107' title='bbox 967 1518 1004 1578; x_wconf 92' lang='lat' dir='ltr'>ad</span> <span class='ocrx_word' id='word_1_108' title='bbox 1022 1521 1226 1602; x_wconf 84' lang='lat' dir='ltr'>imperatorem</span> <span class='ocrx_word' id='word_1_109' title='bbox 1241 1515 1378 1578; x_wconf 89' lang='lat' dir='ltr'>devoluta</span> 
     </span>
     <span class='ocr_line' id='line_1_12' title="bbox 205 1618 1378 1704; baseline 0.004 -27"><span class='ocrx_word' id='word_1_110' title='bbox 205 1618 304 1695; x_wconf 87' lang='lat' dir='ltr'>fuerit,</span> <span class='ocrx_word' id='word_1_111' title='bbox 320 1626 380 1679; x_wconf 86' lang='lat' dir='ltr'>turn</span> <span class='ocrx_word' id='word_1_112' title='bbox 395 1637 448 1681; x_wconf 90' lang='lat' dir='ltr'>nos</span> <span class='ocrx_word' id='word_1_113' title='bbox 464 1629 598 1702; x_wconf 79' lang='lat' dir='ltr'>oportere</span> <span class='ocrx_word' id='word_1_114' title='bbox 613 1639 672 1682; x_wconf 87' lang='lat' dir='ltr'>suae</span> <span class='ocrx_word' id='word_1_115' title='bbox 687 1624 846 1704; x_wconf 80' lang='lat' dir='ltr'>majestatis</span> <span class='ocrx_word' id='word_1_116' title='bbox 860 1639 1030 1698; x_wconf 88' lang='lat' dir='ltr'>responsum</span> <span class='ocrx_word' id='word_1_117' title='bbox 1046 1629 1207 1698; x_wconf 85' lang='lat' dir='ltr'>expectare.</span> <span class='ocrx_word' id='word_1_118' title='bbox 1231 1623 1307 1682; x_wconf 86' lang='lat' dir='ltr'>Dum</span> <span class='ocrx_word' id='word_1_119' title='bbox 1322 1639 1378 1682; x_wconf 89' lang='lat' dir='ltr'>au-</span> 
     </span>
     <span class='ocr_line' id='line_1_13' title="bbox 204 1723 1379 1802; baseline 0.002 -18"><span class='ocrx_word' id='word_1_120' title='bbox 204 1731 262 1784; x_wconf 87' lang='lat' dir='ltr'>tem</span> <span class='ocrx_word' id='word_1_121' title='bbox 277 1723 312 1784; x_wconf 90' lang='lat' dir='ltr'>de</span> <span class='ocrx_word' id='word_1_122' title='bbox 327 1741 408 1786; x_wconf 90' lang='lat' dir='ltr'>mora</span> <span class='ocrx_word' id='word_1_123' title='bbox 422 1732 451 1787; x_wconf 90' lang='lat' dir='ltr'>et</span> <span class='ocrx_word' id='word_1_124' title='bbox 466 1728 598 1802; x_wconf 79' lang='lat' dir='ltr'>expensis</span> <span class='ocrx_word' id='word_1_125' title='bbox 613 1727 707 1788; x_wconf 89' lang='lat' dir='ltr'>obiter</span> <span class='ocrx_word' id='word_1_126' title='bbox 723 1725 890 1802; x_wconf 88' lang='lat' dir='ltr'>diceremus,</span> <span class='ocrx_word' id='word_1_127' title='bbox 906 1727 955 1802; x_wconf 88' lang='lat' dir='ltr'>ait,</span> <span class='ocrx_word' id='word_1_128' title='bbox 972 1727 1129 1802; x_wconf 89' lang='lat' dir='ltr'>parendum</span> <span class='ocrx_word' id='word_1_129' title='bbox 1144 1743 1208 1788; x_wconf 89' lang='lat' dir='ltr'>esso</span> <span class='ocrx_word' id='word_1_130' title='bbox 1220 1729 1321 1788; x_wconf 76' lang='lat' dir='ltr'>caesari</span> <span class='ocrx_word' id='word_1_131' title='bbox 1345 1732 1379 1786; x_wconf 90' lang='lat' dir='ltr'>et</span> 
     </span>
     <span class='ocr_line' id='line_1_14' title="bbox 204 1829 1376 1911; baseline 0.002 -20"><span class='ocrx_word' id='word_1_132' title='bbox 204 1829 247 1891; x_wconf 88' lang='lat' dir='ltr'>illi</span> <span class='ocrx_word' id='word_1_133' title='bbox 262 1847 293 1890; x_wconf 90' lang='lat' dir='ltr'>se</span> <span class='ocrx_word' id='word_1_134' title='bbox 307 1832 400 1904; x_wconf 89' lang='lat' dir='ltr'>ipsum</span> <span class='ocrx_word' id='word_1_135' title='bbox 414 1833 576 1893; x_wconf 87' lang='lat' dir='ltr'>resolvendi</span> <span class='ocrx_word' id='word_1_136' title='bbox 591 1831 677 1911; x_wconf 88' lang='lat' dir='ltr'>(nova</span> <span class='ocrx_word' id='word_1_137' title='bbox 691 1834 766 1894; x_wconf 90' lang='lat' dir='ltr'>enim</span> <span class='ocrx_word' id='word_1_138' title='bbox 779 1834 852 1892; x_wconf 88' lang='lat' dir='ltr'>haec</span> <span class='ocrx_word' id='word_1_139' title='bbox 866 1832 965 1892; x_wconf 86' lang='grc'>0011010</span> <span class='ocrx_word' id='word_1_140' title='bbox 978 1833 1010 1896; x_wconf 87' lang='grc'>10</span> <span class='ocrx_word' id='word_1_141' title='bbox 1021 1833 1075 1892; x_wconf 88' lang='grc'>100</span> <span class='ocrx_word' id='word_1_142' title='bbox 1084 1831 1376 1910; x_wconf 78' lang='lat' dir='ltr'>significatureoepta</span> 
     </span>
     <span class='ocr_line' id='line_1_15' title="bbox 204 1933 1377 2013; baseline 0.003 -18"><span class='ocrx_word' id='word_1_143' title='bbox 204 1933 452 2011; x_wconf 69' lang='lat' dir='ltr'>verecundum</span> <span class='ocrx_word' id='word_1_144' title='bbox 467 1944 579 2013; x_wconf 87' lang='lat' dir='ltr'>tempus</span> <span class='ocrx_word' id='word_1_145' title='bbox 600 1937 814 1999; x_wconf 87' lang='lat' dir='ltr'>concedendurn</span> <span class='ocrx_word' id='word_1_146' title='bbox 832 1935 904 1997; x_wconf 89' lang='lat' dir='ltr'>fore.</span> <span class='ocrx_word' id='word_1_147' title='bbox 943 1936 991 1997; x_wconf 81' lang='lat' dir='ltr'>Sic</span> <span class='ocrx_word' id='word_1_148' title='bbox 1011 1937 1229 2012; x_wconf 77' lang='lat' dir='ltr'>quadrupedum</span> <span class='ocrx_word' id='word_1_149' title='bbox 1247 1939 1377 2000; x_wconf 85' lang='grc'>0010110-</span> 
     </span>
     <span class='ocr_line' id='line_1_16' title="bbox 204 2041 1376 2114; baseline 0.003 -14"><span class='ocrx_word' id='word_1_150' title='bbox 204 2057 268 2100; x_wconf 92' lang='lat' dir='ltr'>rum</span> <span class='ocrx_word' id='word_1_151' title='bbox 282 2041 402 2114; x_wconf 88' lang='lat' dir='ltr'>pedibus</span> <span class='ocrx_word' id='word_1_152' title='bbox 415 2043 471 2102; x_wconf 90' lang='lat' dir='ltr'>huc</span> <span class='ocrx_word' id='word_1_153' title='bbox 486 2043 598 2102; x_wconf 85' lang='lat' dir='ltr'>advecti</span> <span class='ocrx_word' id='word_1_154' title='bbox 613 2045 661 2103; x_wconf 85' lang='lat' dir='ltr'>vix</span> <span class='ocrx_word' id='word_1_155' title='bbox 675 2043 766 2102; x_wconf 88' lang='lat' dir='ltr'>laneis</span> <span class='ocrx_word' id='word_1_156' title='bbox 786 2043 867 2103; x_wconf 91' lang='lat' dir='ltr'>nobis</span> <span class='ocrx_word' id='word_1_157' title='bbox 889 2043 936 2102; x_wconf 85' lang='lat' dir='ltr'>hic</span> <span class='ocrx_word' id='word_1_158' title='bbox 955 2043 1144 2114; x_wconf 88' lang='lat' dir='ltr'>incedendum</span> <span class='ocrx_word' id='word_1_159' title='bbox 1165 2049 1218 2104; x_wconf 85' lang='lat' dir='ltr'>eet.</span> <span class='ocrx_word' id='word_1_160' title='bbox 1256 2045 1376 2103; x_wconf 85' lang='lat' dir='ltr'>Mature</span> 
     </span>
     <span class='ocr_line' id='line_1_17' title="bbox 205 2145 1378 2234; baseline 0.003 -30"><span class='ocrx_word' id='word_1_161' title='bbox 205 2145 291 2204; x_wconf 90' lang='lat' dir='ltr'>etiam</span> <span class='ocrx_word' id='word_1_162' title='bbox 306 2146 437 2208; x_wconf 88' lang='lat' dir='ltr'>dominus</span> <span class='ocrx_word' id='word_1_163' title='bbox 446 2147 606 2221; x_wconf 85' lang='lat' dir='ltr'>Leporinus</span> <span class='ocrx_word' id='word_1_164' title='bbox 618 2149 789 2234; x_wconf 83' lang='lat' dir='ltr'>superuerit,</span> <span class='ocrx_word' id='word_1_165' title='bbox 805 2147 883 2224; x_wconf 90' lang='lat' dir='ltr'>apud</span> <span class='ocrx_word' id='word_1_166' title='bbox 896 2163 981 2222; x_wconf 89' lang='lat' dir='ltr'>quem</span> <span class='ocrx_word' id='word_1_167' title='bbox 992 2147 1070 2208; x_wconf 88' lang='lat' dir='ltr'>idem</span> <span class='ocrx_word' id='word_1_168' title='bbox 1079 2149 1110 2207; x_wconf 90' lang='lat' dir='ltr'>iu</span> <span class='ocrx_word' id='word_1_169' title='bbox 1121 2151 1277 2222; x_wconf 79' lang='lat' dir='ltr'>praesentia</span> <span class='ocrx_word' id='word_1_170' title='bbox 1286 2149 1378 2223; x_wconf 78' lang='lat' dir='ltr'>Viglii</span> 
     </span>
     <span class='ocr_line' id='line_1_18' title="bbox 204 2249 1375 2329; baseline 0.006 -23"><span class='ocrx_word' id='word_1_171' title='bbox 204 2249 325 2324; x_wconf 82' lang='lat' dir='ltr'>egimus,</span> <span class='ocrx_word' id='word_1_172' title='bbox 347 2251 389 2310; x_wconf 93' lang='lat' dir='ltr'>illi</span> <span class='ocrx_word' id='word_1_173' title='bbox 403 2253 520 2327; x_wconf 89' lang='lat' dir='ltr'>insuper</span> <span class='ocrx_word' id='word_1_174' title='bbox 535 2253 700 2312; x_wconf 86' lang='lat' dir='ltr'>memoriam</span> <span class='ocrx_word' id='word_1_175' title='bbox 715 2255 842 2329; x_wconf 86' lang='grc'>1001010</span> <span class='ocrx_word' id='word_1_176' title='bbox 857 2255 1007 2316; x_wconf 77' lang='lat' dir='ltr'>comitatus</span> <span class='ocrx_word' id='word_1_177' title='bbox 1022 2255 1113 2314; x_wconf 90' lang='lat' dir='ltr'>nostri</span> <span class='ocrx_word' id='word_1_178' title='bbox 1132 2251 1316 2328; x_wconf 81' lang='lat' dir='ltr'>refricantes,</span> <span class='ocrx_word' id='word_1_179' title='bbox 1339 2259 1375 2313; x_wconf 88' lang='lat' dir='ltr'>ut</span> 
     </span>
     <span class='ocr_line' id='line_1_19' title="bbox 203 2341 1372 2446; baseline 0.002 -30"><span class='ocrx_word' id='word_1_180' title='bbox 203 2355 253 2429; x_wconf 89' lang='lat' dir='ltr'>qui</span> <span class='ocrx_word' id='word_1_181' title='bbox 267 2359 403 2418; x_wconf 84' lang='lat' dir='ltr'>tractatui</span> <span class='ocrx_word' id='word_1_182' title='bbox 417 2358 612 2418; x_wconf 85' lang='lat' dir='ltr'>herciscundae</span> <span class='ocrx_word' id='word_1_183' title='bbox 627 2357 804 2437; x_wconf 73' lang='lat' dir='ltr'>hereditatis</span> <span class='ocrx_word' id='word_1_184' title='bbox 818 2349 927 2420; x_wconf 83' lang='lat' dir='ltr'>nostrae</span> <span class='ocrx_word' id='word_1_185' title='bbox 940 2356 1123 2433; x_wconf 79' lang='lat' dir='ltr'>interfuerat,</span> <span class='ocrx_word' id='word_1_186' title='bbox 1136 2351 1226 2434; x_wconf 72' lang='lat' dir='ltr'>&#39;quod</span> <span class='ocrx_word' id='word_1_187' title='bbox 1247 2341 1279 2446; x_wconf 81' lang='lat' dir='ltr'>et</span> <span class='ocrx_word' id='word_1_188' title='bbox 1295 2361 1372 2434; x_wconf 88' lang='lat' dir='ltr'>ipse·</span> 
     </span>
     <span class='ocr_line' id='line_1_20' title="bbox 203 2461 1374 2539; baseline -0.001 -17"><span class='ocrx_word' id='word_1_189' title='bbox 203 2469 260 2522; x_wconf 89' lang='lat' dir='ltr'>met</span> <span class='ocrx_word' id='word_1_190' title='bbox 275 2465 399 2538; x_wconf 78' lang='lat' dir='ltr'>ingenue</span> <span class='ocrx_word' id='word_1_191' title='bbox 414 2461 708 2539; x_wconf 83' lang='lat' dir='ltr'>confitenspollicitus</span> <span class='ocrx_word' id='word_1_192' title='bbox 723 2469 768 2524; x_wconf 91' lang='lat' dir='ltr'>est</span> <span class='ocrx_word' id='word_1_193' title='bbox 790 2467 820 2524; x_wconf 89' lang='lat' dir='ltr'>et</span> <span class='ocrx_word' id='word_1_194' title='bbox 839 2480 920 2524; x_wconf 89' lang='lat' dir='ltr'>suam</span> <span class='ocrx_word' id='word_1_195' title='bbox 940 2479 1066 2538; x_wconf 88' lang='lat' dir='ltr'>operam.</span> <span class='ocrx_word' id='word_1_196' title='bbox 1105 2462 1232 2526; x_wconf 75' lang='lat' dir='ltr'>Conveni</span> <span class='ocrx_word' id='word_1_197' title='bbox 1255 2469 1284 2525; x_wconf 90' lang='lat' dir='ltr'>et</span> <span class='ocrx_word' id='word_1_198' title='bbox 1303 2465 1374 2538; x_wconf 78' lang='lat' dir='ltr'>Vig-</span> 
     </span>
     <span class='ocr_line' id='line_1_21' title="bbox 202 2565 1374 2645; baseline 0.001 -19"><span class='ocrx_word' id='word_1_199' title='bbox 202 2568 272 2627; x_wconf 89' lang='lat' dir='ltr'>lium</span> <span class='ocrx_word' id='word_1_200' title='bbox 286 2571 418 2644; x_wconf 87' lang='lat' dir='ltr'>seorsim,</span> <span class='ocrx_word' id='word_1_201' title='bbox 440 2575 469 2630; x_wconf 88' lang='lat' dir='ltr'>et</span> <span class='ocrx_word' id='word_1_202' title='bbox 484 2570 508 2629; x_wconf 90' lang='lat' dir='ltr'>is</span> <span class='ocrx_word' id='word_1_203' title='bbox 524 2570 655 2643; x_wconf 85' lang='lat' dir='ltr'>quaedam</span> <span class='ocrx_word' id='word_1_204' title='bbox 670 2571 785 2645; x_wconf 79' lang='lat' dir='ltr'>negavit</span> <span class='ocrx_word' id='word_1_205' title='bbox 800 2575 829 2630; x_wconf 92' lang='lat' dir='ltr'>et</span> <span class='ocrx_word' id='word_1_206' title='bbox 844 2571 921 2629; x_wconf 91' lang='lat' dir='ltr'>sensi</span> <span class='ocrx_word' id='word_1_207' title='bbox 935 2569 978 2628; x_wconf 94' lang='lat' dir='ltr'>illi</span> <span class='ocrx_word' id='word_1_208' title='bbox 992 2567 1123 2630; x_wconf 89' lang='lat' dir='ltr'>fraudem</span> <span class='ocrx_word' id='word_1_209' title='bbox 1136 2565 1250 2632; x_wconf 84' lang='lat' dir='ltr'>iactam.</span> <span class='ocrx_word' id='word_1_210' title='bbox 1281 2569 1374 2633; x_wconf 82' lang='lat' dir='ltr'>Novit</span> 
     </span>
     <span class='ocr_line' id='line_1_22' title="bbox 203 2663 1141 2762; baseline 0 -28"><span class='ocrx_word' id='word_1_211' title='bbox 203 2680 305 2734; x_wconf 87' lang='lat' dir='ltr'>cuncta</span> <span class='ocrx_word' id='word_1_212' title='bbox 320 2674 407 2750; x_wconf 85' lang='lat' dir='ltr'>Deus,</span> <span class='ocrx_word' id='word_1_213' title='bbox 422 2677 472 2748; x_wconf 90' lang='lat' dir='ltr'>qui</span> <span class='ocrx_word' id='word_1_214' title='bbox 487 2681 517 2735; x_wconf 89' lang='grc'>01</span> <span class='ocrx_word' id='word_1_215' title='bbox 531 2677 642 2736; x_wconf 88' lang='grc'>0000110</span> <span class='ocrx_word' id='word_1_216' title='bbox 656 2675 802 2749; x_wconf 76' lang='lat' dir='ltr'>diiudicat.</span> <span class='ocrx_word' id='word_1_217' title='bbox 827 2676 934 2762; x_wconf 81' lang='lat' dir='ltr'>Sitque</span> <span class='ocrx_word' id='word_1_218' title='bbox 944 2663 1141 2735; x_wconf 55' lang='lat' dir='ltr'>hincvabitum.</span> 
     </span>
    </p>

    <p class='ocr_par' dir='ltr' id='par_1_3' title="bbox 133 2771 1372 4540">
     <span class='ocr_line' id='line_1_23' title="bbox 291 2771 1368 2864; baseline 0.001 -26"><span class='ocrx_word' id='word_1_219' title='bbox 291 2781 325 2838; x_wconf 92' lang='lat' dir='ltr'>In</span> <span class='ocrx_word' id='word_1_220' title='bbox 339 2779 440 2839; x_wconf 89' lang='lat' dir='ltr'>eodem</span> <span class='ocrx_word' id='word_1_221' title='bbox 454 2781 557 2840; x_wconf 88' lang='lat' dir='ltr'>itinere</span> <span class='ocrx_word' id='word_1_222' title='bbox 569 2780 605 2840; x_wconf 91' lang='lat' dir='ltr'>D.</span> <span class='ocrx_word' id='word_1_223' title='bbox 616 2781 757 2840; x_wconf 76' lang='lat' dir='ltr'>loannem</span> <span class='ocrx_word' id='word_1_224' title='bbox 766 2771 974 2854; x_wconf 80' lang='lat' dir='ltr'>Marquar&#39;uum</span> <span class='ocrx_word' id='word_1_225' title='bbox 988 2779 1106 2864; x_wconf 87' lang='lat' dir='ltr'>allocuti</span> <span class='ocrx_word' id='word_1_226' title='bbox 1120 2795 1225 2842; x_wconf 87' lang='lat' dir='ltr'>sumus.</span> <span class='ocrx_word' id='word_1_227' title='bbox 1250 2781 1278 2838; x_wconf 84' lang='grc' dir='ltr'>Ιι</span> <span class='ocrx_word' id='word_1_228' title='bbox 1293 2795 1368 2854; x_wconf 86' lang='lat' dir='ltr'>pree·</span> 
     </span>
     <span class='ocr_line' id='line_1_24' title="bbox 202 2883 1372 2975; baseline -0.002 -29"><span class='ocrx_word' id='word_1_229' title='bbox 202 2887 782 2962; x_wconf 78' lang='grc'>10000101000010000000100001010</span> <span class='ocrx_word' id='word_1_230' title='bbox 804 2885 1035 2975; x_wconf 77' lang='grc'>001100001011,</span> <span class='ocrx_word' id='word_1_231' title='bbox 1061 2885 1219 2960; x_wconf 86' lang='lat' dir='ltr'>spondens,</span> <span class='ocrx_word' id='word_1_232' title='bbox 1242 2901 1273 2944; x_wconf 90' lang='lat' dir='ltr'>se</span> <span class='ocrx_word' id='word_1_233' title='bbox 1294 2883 1372 2958; x_wconf 90' lang='lat' dir='ltr'>apud</span> 
     </span>
     <span class='ocr_line' id='line_1_25' title="bbox 202 2987 1370 3056; baseline -0.001 -5"><span class='ocrx_word' id='word_1_234' title='bbox 202 2990 383 3052; x_wconf 81' lang='lat' dir='ltr'>archiducem</span> <span class='ocrx_word' id='word_1_235' title='bbox 397 2991 520 3054; x_wconf 85' lang='lat' dir='ltr'>fideliter</span> <span class='ocrx_word' id='word_1_236' title='bbox 534 2998 662 3054; x_wconf 85' lang='lat' dir='ltr'>nostram</span> <span class='ocrx_word' id='word_1_237' title='bbox 676 3009 792 3052; x_wconf 86' lang='lat' dir='ltr'>oausam</span> <span class='ocrx_word' id='word_1_238' title='bbox 811 2987 949 3056; x_wconf 82' lang='lat' dir='ltr'>acturum.</span> <span class='ocrx_word' id='word_1_239' title='bbox 987 2991 1034 3050; x_wconf 84' lang='lat' dir='ltr'>Ex</span> <span class='ocrx_word' id='word_1_240' title='bbox 1053 2992 1131 3050; x_wconf 88' lang='lat' dir='ltr'>ouini</span> <span class='ocrx_word' id='word_1_241' title='bbox 1152 2996 1249 3054; x_wconf 89' lang='lat' dir='ltr'>autem</span> <span class='ocrx_word' id='word_1_242' title='bbox 1271 2989 1370 3052; x_wconf 91' lang='lat' dir='ltr'>docto-</span> 
     </span>
     <span class='ocr_line' id='line_1_26' title="bbox 202 3094 1371 3184; baseline -0.001 -28"><span class='ocrx_word' id='word_1_243' title='bbox 202 3113 266 3156; x_wconf 91' lang='lat' dir='ltr'>rum</span> <span class='ocrx_word' id='word_1_244' title='bbox 281 3099 374 3171; x_wconf 80' lang='lat' dir='ltr'>verbis</span> <span class='ocrx_word' id='word_1_245' title='bbox 388 3099 488 3174; x_wconf 88' lang='lat' dir='ltr'>liquet,</span> <span class='ocrx_word' id='word_1_246' title='bbox 504 3099 595 3174; x_wconf 90' lang='lat' dir='ltr'>probe</span> <span class='ocrx_word' id='word_1_247' title='bbox 610 3100 666 3158; x_wconf 89' lang='lat' dir='ltr'>illis</span> <span class='ocrx_word' id='word_1_248' title='bbox 681 3098 826 3172; x_wconf 85' lang='lat' dir='ltr'>cognitum</span> <span class='ocrx_word' id='word_1_249' title='bbox 841 3111 905 3156; x_wconf 89' lang='lat' dir='ltr'>esse</span> <span class='ocrx_word' id='word_1_250' title='bbox 919 3095 1004 3184; x_wconf 22' lang='lat' dir='ltr'>nobis*</span> <span class='ocrx_word' id='word_1_251' title='bbox 1015 3096 1152 3170; x_wconf 88' lang='lat' dir='ltr'>injuriam</span> <span class='ocrx_word' id='word_1_252' title='bbox 1166 3094 1242 3170; x_wconf 88' lang='lat' dir='ltr'>fieri,</span> <span class='ocrx_word' id='word_1_253' title='bbox 1258 3095 1371 3170; x_wconf 89' lang='lat' dir='ltr'>hocque</span> 
     </span>
     <span class='ocr_line' id='line_1_27' title="bbox 146 3199 1371 3278; baseline -0.003 -16"><span class='ocrx_word' id='word_1_254' title='bbox 146 3233 147 3238; x_wconf 41' lang='lat'>1</span> <span class='ocrx_word' id='word_1_255' title='bbox 201 3203 312 3262; x_wconf 87' lang='lat' dir='ltr'>consilii</span> <span class='ocrx_word' id='word_1_256' title='bbox 325 3205 518 3277; x_wconf 87' lang='lat' dir='ltr'>Marquardus</span> <span class='ocrx_word' id='word_1_257' title='bbox 534 3204 626 3278; x_wconf 89' lang='lat' dir='ltr'>dedit,</span> <span class='ocrx_word' id='word_1_258' title='bbox 644 3205 712 3277; x_wconf 87' lang='lat' dir='ltr'>quia</span> <span class='ocrx_word' id='word_1_259' title='bbox 726 3203 843 3264; x_wconf 91' lang='lat' dir='ltr'>comites</span> <span class='ocrx_word' id='word_1_260' title='bbox 857 3215 876 3260; x_wconf 90' lang='grc'>0</span> <span class='ocrx_word' id='word_1_261' title='bbox 891 3199 983 3263; x_wconf 76' lang='lat' dir='ltr'>Cattis</span> <span class='ocrx_word' id='word_1_262' title='bbox 997 3216 1113 3274; x_wconf 90' lang='lat' dir='ltr'>pressos</span> <span class='ocrx_word' id='word_1_263' title='bbox 1127 3207 1159 3261; x_wconf 88' lang='lat' dir='ltr'>et</span> <span class='ocrx_word' id='word_1_264' title='bbox 1172 3201 1265 3276; x_wconf 87' lang='lat' dir='ltr'>premi</span> <span class='ocrx_word' id='word_1_265' title='bbox 1280 3200 1371 3260; x_wconf 91' lang='lat' dir='ltr'>auim-</span> 
     </span>
     <span class='ocr_line' id='line_1_28' title="bbox 202 3291 1369 3384; baseline -0.002 -17"><span class='ocrx_word' id='word_1_266' title='bbox 202 3291 380 3384; x_wconf 85' lang='lat' dir='ltr'>adverteret,</span> <span class='ocrx_word' id='word_1_267' title='bbox 403 3326 460 3369; x_wconf 92' lang='lat' dir='ltr'>non</span> <span class='ocrx_word' id='word_1_268' title='bbox 475 3309 518 3368; x_wconf 89' lang='lat' dir='ltr'>illi</span> <span class='ocrx_word' id='word_1_269' title='bbox 532 3306 730 3383; x_wconf 80' lang='lat' dir='ltr'>infrugiferam</span> <span class='ocrx_word' id='word_1_270' title='bbox 745 3306 849 3380; x_wconf 88' lang='lat' dir='ltr'>videri,</span> <span class='ocrx_word' id='word_1_271' title='bbox 872 3311 905 3364; x_wconf 89' lang='grc'>01</span> <span class='ocrx_word' id='word_1_272' title='bbox 924 3307 1041 3366; x_wconf 88' lang='lat' dir='ltr'>comites</span> <span class='ocrx_word' id='word_1_273' title='bbox 1062 3306 1139 3380; x_wconf 89' lang='lat' dir='ltr'>apud</span> <span class='ocrx_word' id='word_1_274' title='bbox 1159 3305 1303 3370; x_wconf 74' lang='lat' dir='ltr'>cesarem</span> <span class='ocrx_word' id='word_1_275' title='bbox 1324 3306 1369 3365; x_wconf 90' lang='lat' dir='ltr'>in·</span> 
     </span>
     <span class='ocr_line' id='line_1_29' title="bbox 202 3407 1370 3487; baseline -0.001 -16"><span class='ocrx_word' id='word_1_276' title='bbox 202 3417 287 3486; x_wconf 88' lang='grc'>01001,</span> <span class='ocrx_word' id='word_1_277' title='bbox 304 3429 360 3487; x_wconf 93' lang='lat' dir='ltr'>quo</span> <span class='ocrx_word' id='word_1_278' title='bbox 376 3415 525 3474; x_wconf 88' lang='lat' dir='ltr'>comitatus</span> <span class='ocrx_word' id='word_1_279' title='bbox 540 3414 614 3472; x_wconf 88' lang='lat' dir='ltr'>liber</span> <span class='ocrx_word' id='word_1_280' title='bbox 626 3412 765 3472; x_wconf 85' lang='lat' dir='ltr'>reddetur</span> <span class='ocrx_word' id='word_1_281' title='bbox 778 3407 907 3486; x_wconf 87' lang='lat' dir='ltr'>imperio,</span> <span class='ocrx_word' id='word_1_282' title='bbox 924 3410 960 3470; x_wconf 91' lang='lat' dir='ltr'>do</span> <span class='ocrx_word' id='word_1_283' title='bbox 976 3427 1034 3485; x_wconf 89' lang='lat' dir='ltr'>que</span> <span class='ocrx_word' id='word_1_284' title='bbox 1048 3428 1081 3472; x_wconf 91' lang='lat' dir='ltr'>re</span> <span class='ocrx_word' id='word_1_285' title='bbox 1095 3409 1191 3472; x_wconf 92' lang='lat' dir='ltr'>multis</span> <span class='ocrx_word' id='word_1_286' title='bbox 1202 3409 1298 3471; x_wconf 83' lang='lat' dir='ltr'>verbis</span> <span class='ocrx_word' id='word_1_287' title='bbox 1311 3411 1370 3471; x_wconf 89' lang='lat' dir='ltr'>dis·</span> 
     </span>
     <span class='ocr_line' id='line_1_30' title="bbox 196 3515 1370 3604; baseline 0 -28"><span class='ocrx_word' id='word_1_288' title='bbox 196 3515 309 3604; x_wconf 82' lang='lat' dir='ltr'>seruit·</span> <span class='ocrx_word' id='word_1_289' title='bbox 332 3515 459 3591; x_wconf 80' lang='lat' dir='ltr'>Cumque</span> <span class='ocrx_word' id='word_1_290' title='bbox 473 3533 525 3577; x_wconf 84' lang='lat' dir='ltr'>nos</span> <span class='ocrx_word' id='word_1_291' title='bbox 541 3516 712 3592; x_wconf 89' lang='lat' dir='ltr'>diceremus,</span> <span class='ocrx_word' id='word_1_292' title='bbox 732 3515 830 3578; x_wconf 88' lang='lat' dir='ltr'>videre</span> <span class='ocrx_word' id='word_1_293' title='bbox 845 3515 961 3589; x_wconf 89' lang='lat' dir='ltr'>quidem</span> <span class='ocrx_word' id='word_1_294' title='bbox 975 3533 1041 3592; x_wconf 92' lang='lat' dir='ltr'>uos,</span> <span class='ocrx_word' id='word_1_295' title='bbox 1064 3515 1228 3591; x_wconf 89' lang='lat' dir='ltr'>quidnobis</span> <span class='ocrx_word' id='word_1_296' title='bbox 1244 3531 1370 3576; x_wconf 90' lang='lat' dir='ltr'>commo·</span> 
     </span>
     <span class='ocr_line' id='line_1_31' title="bbox 203 3620 1369 3698; baseline 0 -17"><span class='ocrx_word' id='word_1_297' title='bbox 203 3621 266 3681; x_wconf 89' lang='lat' dir='ltr'>dius</span> <span class='ocrx_word' id='word_1_298' title='bbox 282 3628 366 3696; x_wconf 89' lang='grc'>00001,</span> <span class='ocrx_word' id='word_1_299' title='bbox 382 3639 482 3682; x_wconf 88' lang='lat' dir='ltr'>verum</span> <span class='ocrx_word' id='word_1_300' title='bbox 496 3639 549 3682; x_wconf 89' lang='lat' dir='ltr'>nos</span> <span class='ocrx_word' id='word_1_301' title='bbox 564 3625 594 3682; x_wconf 93' lang='lat' dir='ltr'>et</span> <span class='ocrx_word' id='word_1_302' title='bbox 608 3621 732 3682; x_wconf 86' lang='lat' dir='ltr'>vasallos</span> <span class='ocrx_word' id='word_1_303' title='bbox 742 3621 890 3684; x_wconf 83' lang='lat' dir='ltr'>(latterum</span> <span class='ocrx_word' id='word_1_304' title='bbox 904 3624 1041 3698; x_wconf 83' lang='lat' dir='ltr'>principis</span> <span class='ocrx_word' id='word_1_305' title='bbox 1055 3637 1128 3696; x_wconf 83' lang='lat' dir='ltr'>esse,</span> <span class='ocrx_word' id='word_1_306' title='bbox 1145 3620 1281 3684; x_wconf 88' lang='lat' dir='ltr'>ateidem</span> <span class='ocrx_word' id='word_1_307' title='bbox 1287 3621 1369 3695; x_wconf 84' lang='lat' dir='ltr'>jure·</span> 
     </span>
     <span class='ocr_line' id='line_1_32' title="bbox 199 3711 1371 3812; baseline 0 -27"><span class='ocrx_word' id='word_1_308' title='bbox 199 3726 324 3800; x_wconf 75' lang='lat' dir='ltr'>iurando</span> <span class='ocrx_word' id='word_1_309' title='bbox 334 3728 475 3788; x_wconf 87' lang='lat' dir='ltr'>astrictos.</span> <span class='ocrx_word' id='word_1_310' title='bbox 495 3726 616 3788; x_wconf 87' lang='lat' dir='ltr'>Referre</span> <span class='ocrx_word' id='word_1_311' title='bbox 625 3733 722 3786; x_wconf 88' lang='lat' dir='ltr'>autem</span> <span class='ocrx_word' id='word_1_312' title='bbox 738 3711 853 3788; x_wconf 73' lang='lat' dir='ltr'>casaris</span> <span class='ocrx_word' id='word_1_313' title='bbox 868 3727 977 3812; x_wconf 86' lang='grc'>011000</span> <span class='ocrx_word' id='word_1_314' title='bbox 992 3727 1146 3788; x_wconf 89' lang='lat' dir='ltr'>clementer</span> <span class='ocrx_word' id='word_1_315' title='bbox 1161 3742 1225 3786; x_wconf 90' lang='lat' dir='ltr'>cnm</span> <span class='ocrx_word' id='word_1_316' title='bbox 1240 3721 1371 3800; x_wconf 87' lang='lat' dir='ltr'>principe</span> 
     </span>
     <span class='ocr_line' id='line_1_33' title="bbox 200 3828 1368 3907; baseline -0.001 -17"><span class='ocrx_word' id='word_1_317' title='bbox 200 3837 300 3892; x_wconf 89' lang='lat' dir='ltr'>nostro</span> <span class='ocrx_word' id='word_1_318' title='bbox 309 3833 345 3892; x_wconf 90' lang='lat' dir='ltr'>de</span> <span class='ocrx_word' id='word_1_319' title='bbox 354 3833 409 3892; x_wconf 87' lang='lat' dir='ltr'>hac</span> <span class='ocrx_word' id='word_1_320' title='bbox 421 3849 453 3892; x_wconf 92' lang='lat' dir='ltr'>re</span> <span class='ocrx_word' id='word_1_321' title='bbox 468 3835 544 3907; x_wconf 84' lang='lat' dir='ltr'>agat,</span> <span class='ocrx_word' id='word_1_322' title='bbox 561 3833 597 3892; x_wconf 84' lang='lat' dir='ltr'>ne</span> <span class='ocrx_word' id='word_1_323' title='bbox 611 3836 709 3891; x_wconf 88' lang='lat' dir='ltr'>noster</span> <span class='ocrx_word' id='word_1_324' title='bbox 724 3837 754 3893; x_wconf 88' lang='lat' dir='ltr'>et</span> <span class='ocrx_word' id='word_1_325' title='bbox 766 3831 858 3893; x_wconf 85' lang='lat' dir='ltr'>honos</span> <span class='ocrx_word' id='word_1_326' title='bbox 874 3839 904 3893; x_wconf 90' lang='grc'>01</span> <span class='ocrx_word' id='word_1_327' title='bbox 918 3832 1091 3904; x_wconf 82' lang='lat' dir='ltr'>conscientia</span> <span class='ocrx_word' id='word_1_328' title='bbox 1104 3833 1180 3891; x_wconf 86' lang='lat' dir='ltr'>male</span> <span class='ocrx_word' id='word_1_329' title='bbox 1194 3828 1368 3890; x_wconf 79' lang='lat' dir='ltr'>afficiantur.</span> 
     </span>
     <span class='ocr_line' id='line_1_34' title="bbox 199 3915 1371 4020; baseline -0.003 -24"><span class='ocrx_word' id='word_1_330' title='bbox 199 3936 234 3996; x_wconf 90' lang='lat' dir='ltr'>Id</span> <span class='ocrx_word' id='word_1_331' title='bbox 248 3938 372 3997; x_wconf 86' lang='lat' dir='ltr'>instituti</span> <span class='ocrx_word' id='word_1_332' title='bbox 386 3937 579 4014; x_wconf 85' lang='lat' dir='ltr'>Marquardus</span> <span class='ocrx_word' id='word_1_333' title='bbox 593 3915 730 4010; x_wconf 80' lang='lat' dir='ltr'>laudans,</span> <span class='ocrx_word' id='word_1_334' title='bbox 749 3937 853 4013; x_wconf 86' lang='lat' dir='ltr'>probe,</span> <span class='ocrx_word' id='word_1_335' title='bbox 876 3939 932 4020; x_wconf 82' lang='lat' dir='ltr'>ait,</span> <span class='ocrx_word' id='word_1_336' title='bbox 955 3939 1010 3998; x_wconf 90' lang='lat' dir='ltr'>hoc</span> <span class='ocrx_word' id='word_1_337' title='bbox 1029 3953 1047 3996; x_wconf 89' lang='grc'>0</span> <span class='ocrx_word' id='word_1_338' title='bbox 1068 3937 1149 3996; x_wconf 88' lang='lat' dir='ltr'>vobis</span> <span class='ocrx_word' id='word_1_339' title='bbox 1169 3935 1291 4010; x_wconf 88' lang='lat' dir='ltr'>dictum,</span> <span class='ocrx_word' id='word_1_340' title='bbox 1315 3935 1371 3994; x_wconf 84' lang='lat' dir='ltr'>heo</span> 
     </span>
     <span class='ocr_line' id='line_1_35' title="bbox 201 4024 1369 4118; baseline -0.002 -16"><span class='ocrx_word' id='word_1_341' title='bbox 201 4043 276 4102; x_wconf 89' lang='lat' dir='ltr'>onim</span> <span class='ocrx_word' id='word_1_342' title='bbox 296 4043 343 4103; x_wconf 87' lang='lat' dir='ltr'>via</span> <span class='ocrx_word' id='word_1_343' title='bbox 362 4042 555 4118; x_wconf 79' lang='lat' dir='ltr'>aggrediendo</span> <span class='ocrx_word' id='word_1_344' title='bbox 574 4058 622 4102; x_wconf 91' lang='lat' dir='ltr'>res</span> <span class='ocrx_word' id='word_1_345' title='bbox 643 4024 785 4117; x_wconf 71' lang='grc'>0000101</span> <span class='ocrx_word' id='word_1_346' title='bbox 804 4043 955 4104; x_wconf 87' lang='lat' dir='ltr'>comitatus</span> <span class='ocrx_word' id='word_1_347' title='bbox 975 4042 1013 4101; x_wconf 85' lang='lat' dir='ltr'>sit</span> <span class='ocrx_word' id='word_1_348' title='bbox 1031 4041 1107 4102; x_wconf 84' lang='lat' dir='ltr'>liber</span> <span class='ocrx_word' id='word_1_349' title='bbox 1126 4041 1261 4116; x_wconf 89' lang='lat' dir='ltr'>imperio,</span> <span class='ocrx_word' id='word_1_350' title='bbox 1285 4039 1369 4100; x_wconf 84' lang='grc'>(10110</span> 
     </span>
     <span class='ocr_line' id='line_1_36' title="bbox 200 4143 1370 4230; baseline -0.003 -24"><span class='ocrx_word' id='word_1_351' title='bbox 200 4152 296 4206; x_wconf 86' lang='lat' dir='ltr'>autern</span> <span class='ocrx_word' id='word_1_352' title='bbox 311 4145 362 4206; x_wconf 89' lang='lat' dir='ltr'>fiat</span> <span class='ocrx_word' id='word_1_353' title='bbox 382 4143 460 4222; x_wconf 82' lang='lat' dir='ltr'>quod</span> <span class='ocrx_word' id='word_1_354' title='bbox 478 4149 520 4206; x_wconf 89' lang='lat' dir='ltr'>illi</span> <span class='ocrx_word' id='word_1_355' title='bbox 540 4147 674 4219; x_wconf 88' lang='lat' dir='ltr'>debetur,</span> <span class='ocrx_word' id='word_1_356' title='bbox 699 4153 729 4208; x_wconf 90' lang='lat' dir='ltr'>et</span> <span class='ocrx_word' id='word_1_357' title='bbox 749 4149 834 4208; x_wconf 87' lang='lat' dir='ltr'>detur</span> <span class='ocrx_word' id='word_1_358' title='bbox 856 4161 945 4223; x_wconf 88' lang='lat' dir='ltr'>opera</span> <span class='ocrx_word' id='word_1_359' title='bbox 966 4161 1002 4207; x_wconf 88' lang='lat' dir='ltr'>ue</span> <span class='ocrx_word' id='word_1_360' title='bbox 1024 4148 1075 4208; x_wconf 82' lang='lat' dir='ltr'>vos</span> <span class='ocrx_word' id='word_1_361' title='bbox 1095 4147 1242 4230; x_wconf 86' lang='lat' dir='ltr'>vestrique</span> <span class='ocrx_word' id='word_1_362' title='bbox 1261 4144 1370 4204; x_wconf 90' lang='lat' dir='ltr'>subditi</span> 
     </span>
     <span class='ocr_line' id='line_1_37' title="bbox 200 4249 1371 4327; baseline -0.003 -17"><span class='ocrx_word' id='word_1_363' title='bbox 200 4249 273 4310; x_wconf 86' lang='lat' dir='ltr'>adeo</span> <span class='ocrx_word' id='word_1_364' title='bbox 288 4253 319 4310; x_wconf 91' lang='lat' dir='ltr'>in</span> <span class='ocrx_word' id='word_1_365' title='bbox 333 4253 499 4312; x_wconf 85' lang='lat' dir='ltr'>servitutem</span> <span class='ocrx_word' id='word_1_366' title='bbox 507 4251 686 4327; x_wconf 81' lang='lat' dir='ltr'>redigantur.</span> <span class='ocrx_word' id='word_1_367' title='bbox 706 4253 878 4313; x_wconf 87' lang='lat' dir='ltr'>Habeatvos</span> <span class='ocrx_word' id='word_1_368' title='bbox 889 4253 999 4312; x_wconf 88' lang='lat' dir='ltr'>Hessus</span> <span class='ocrx_word' id='word_1_369' title='bbox 1009 4257 1042 4312; x_wconf 92' lang='grc'>01</span> <span class='ocrx_word' id='word_1_370' title='bbox 1053 4252 1185 4327; x_wconf 87' lang='lat' dir='ltr'>vasallos,</span> <span class='ocrx_word' id='word_1_371' title='bbox 1201 4249 1371 4312; x_wconf 78' lang='lat' dir='ltr'>sedhabedt</span> 
     </span>
     <span class='ocr_line' id='line_1_38' title="bbox 133 4353 1367 4432; baseline -0.001 -17"><span class='ocrx_word' id='word_1_372' title='bbox 133 4409 137 4415; x_wconf 95' lang='lat'><em>.</em></span> <span class='ocrx_word' id='word_1_373' title='bbox 200 4370 314 4430; x_wconf 90' lang='lat' dir='ltr'>quoque</span> <span class='ocrx_word' id='word_1_374' title='bbox 328 4362 362 4419; x_wconf 90' lang='lat' dir='ltr'>ut</span> <span class='ocrx_word' id='word_1_375' title='bbox 374 4358 491 4418; x_wconf 87' lang='lat' dir='ltr'>comitas</span> <span class='ocrx_word' id='word_1_376' title='bbox 506 4357 611 4418; x_wconf 89' lang='lat' dir='ltr'>liberos</span> <span class='ocrx_word' id='word_1_377' title='bbox 626 4357 747 4431; x_wconf 87' lang='lat' dir='ltr'>imperii.</span> <span class='ocrx_word' id='word_1_378' title='bbox 774 4357 850 4416; x_wconf 86' lang='lat' dir='ltr'>Nam</span> <span class='ocrx_word' id='word_1_379' title='bbox 865 4359 890 4418; x_wconf 89' lang='lat' dir='ltr'>si</span> <span class='ocrx_word' id='word_1_380' title='bbox 904 4357 929 4415; x_wconf 90' lang='lat' dir='ltr'>is</span> <span class='ocrx_word' id='word_1_381' title='bbox 943 4355 1015 4416; x_wconf 89' lang='lat' dir='ltr'>ordo</span> <span class='ocrx_word' id='word_1_382' title='bbox 1030 4357 1208 4432; x_wconf 90' lang='lat' dir='ltr'>interruptus</span> <span class='ocrx_word' id='word_1_383' title='bbox 1224 4353 1367 4416; x_wconf 84' lang='grc'>0001010-</span> 
     </span>
     <span class='ocr_line' id='line_1_39' title="bbox 200 4443 1369 4540; baseline 0.002 -18"><span class='ocrx_word' id='word_1_384' title='bbox 200 4466 257 4538; x_wconf 86' lang='lat' dir='ltr'>set,</span> <span class='ocrx_word' id='word_1_385' title='bbox 272 4443 336 4528; x_wconf 79' lang='lat' dir='ltr'>&#39;uon</span> <span class='ocrx_word' id='word_1_386' title='bbox 357 4463 497 4540; x_wconf 79' lang='grc'>0010000</span> <span class='ocrx_word' id='word_1_387' title='bbox 514 4465 612 4522; x_wconf 76' lang='lat' dir='ltr'>antus</span> <span class='ocrx_word' id='word_1_388' title='bbox 632 4462 770 4524; x_wconf 77' lang='grc'>100000</span> <span class='ocrx_word' id='word_1_389' title='bbox 789 4463 923 4526; x_wconf 75' lang='lat' dir='ltr'>scemari</span> <span class='ocrx_word' id='word_1_390' title='bbox 942 4467 996 4525; x_wconf 79' lang='lat' dir='ltr'>ete.</span> <span class='ocrx_word' id='word_1_391' title='bbox 1032 4461 1084 4526; x_wconf 80' lang='grc'>11</span> <span class='ocrx_word' id='word_1_392' title='bbox 1101 4463 1183 4529; x_wconf 78' lang='lat' dir='ltr'>iem:</span> <span class='ocrx_word' id='word_1_393' title='bbox 1207 4461 1369 4538; x_wconf 75' lang='lat' dir='ltr'>Imperator</span> 
     </span>
    </p>
   </div>
   <div class='ocr_carea' id='block_1_3' title="bbox 0 0 1532 5110">
    <p class='ocr_par' dir='ltr' id='par_1_4' title="bbox 0 0 1532 5110">
     <span class='ocr_line' id='line_1_40' title="bbox 0 0 1532 5110; baseline 0 1"><span class='ocrx_word' id='word_1_394' title='bbox 0 0 1532 5110; x_wconf 95' lang='lat' dir='ltr'> </span> 
     </span>
    </p>
   </div>
  </div>
 </body>
</html>
