<?xml version="1.0" encoding="UTF-8"?>
<!DOCTYPE html PUBLIC "-//W3C//DTD XHTML 1.0 Transitional//EN"
    "http://www.w3.org/TR/xhtml1/DTD/xhtml1-transitional.dtd">
<html xmlns="http://www.w3.org/1999/xhtml" xml:lang="en" lang="en">
 <head>
  <title>
</title>
<meta http-equiv="Content-Type" content="text/html;charset=utf-8" />
  <meta name='ocr-system' content='tesseract 3.04.00' />
  <meta name='ocr-capabilities' content='ocr_page ocr_carea ocr_par ocr_line ocrx_word'/>
</head>
<body>
  <div class='ocr_page' id='page_1' title='image "./desgrafenwolrad02trosgoog_0106.png"; bbox 0 0 3046 5104; ppageno 0'>
   <div class='ocr_carea' id='block_1_1' title="bbox 701 429 743 492">
    <p class='ocr_par' dir='ltr' id='par_1_1' title="bbox 701 429 743 492">
     <span class='ocr_line' id='line_1_1' title="bbox 701 429 743 492; baseline 0.048 -2"><span class='ocrx_word' id='word_1_1' title='bbox 701 429 743 492; x_wconf 72' lang='grc'><strong>95</strong></span> 
     </span>
    </p>
   </div>
   <div class='ocr_carea' id='block_1_2' title="bbox 126 606 1311 2573">
    <p class='ocr_par' dir='ltr' id='par_1_2' title="bbox 126 606 1311 2361">
     <span class='ocr_line' id='line_1_2' title="bbox 129 606 1311 692; baseline -0.001 -21"><span class='ocrx_word' id='word_1_2' title='bbox 129 611 282 692; x_wconf 88' lang='lat' dir='ltr'><strong>adducens</strong></span> <span class='ocrx_word' id='word_1_3' title='bbox 298 609 421 670; x_wconf 88' lang='lat' dir='ltr'><strong>Paulum</strong></span> <span class='ocrx_word' id='word_1_4' title='bbox 442 609 646 682; x_wconf 85' lang='lat' dir='ltr'><strong>corripientem</strong></span> <span class='ocrx_word' id='word_1_5' title='bbox 662 607 840 680; x_wconf 82' lang='lat' dir='ltr'><strong>Corinthios,</strong></span> <span class='ocrx_word' id='word_1_6' title='bbox 868 606 946 684; x_wconf 88' lang='lat' dir='ltr'><strong>quod</strong></span> <span class='ocrx_word' id='word_1_7' title='bbox 967 625 998 670; x_wconf 91' lang='lat' dir='ltr'><strong>se</strong></span> <span class='ocrx_word' id='word_1_8' title='bbox 1018 613 1090 670; x_wconf 85' lang='lat' dir='ltr'><strong>alins</strong></span> <span class='ocrx_word' id='word_1_9' title='bbox 1111 610 1207 685; x_wconf 87' lang='lat' dir='ltr'><strong>Pauli,</strong></span> <span class='ocrx_word' id='word_1_10' title='bbox 1237 613 1311 670; x_wconf 87' lang='lat' dir='ltr'><strong>alins</strong></span> 
     </span>
     <span class='ocr_line' id='line_1_3' title="bbox 130 707 1308 801; baseline 0.002 -26"><span class='ocrx_word' id='word_1_11' title='bbox 130 713 249 801; x_wconf 82' lang='lat' dir='ltr'><strong>Cepbae‚</strong></span> <span class='ocrx_word' id='word_1_12' title='bbox 274 715 348 774; x_wconf 87' lang='lat' dir='ltr'><strong>alins</strong></span> <span class='ocrx_word' id='word_1_13' title='bbox 369 714 512 789; x_wconf 83' lang='lat' dir='ltr'><strong>Apollinis</strong></span> <span class='ocrx_word' id='word_1_14' title='bbox 531 714 664 787; x_wconf 87' lang='lat' dir='ltr'><strong>discipuli</strong></span> <span class='ocrx_word' id='word_1_15' title='bbox 682 713 876 786; x_wconf 71' lang='lat' dir='ltr'><strong>gloriarentur</strong></span> <span class='ocrx_word' id='word_1_16' title='bbox 896 730 969 774; x_wconf 89' lang='lat' dir='ltr'><strong>esse.</strong></span> <span class='ocrx_word' id='word_1_17' title='bbox 1001 707 1196 775; x_wconf 80' lang='lat' dir='ltr'><strong>Necinteiim</strong></span> <span class='ocrx_word' id='word_1_18' title='bbox 1218 717 1308 790; x_wconf 77' lang='lat' dir='ltr'><strong>negli-</strong></span> 
     </span>
     <span class='ocr_line' id='line_1_4' title="bbox 128 799 1309 898; baseline 0.002 -19"><span class='ocrx_word' id='word_1_19' title='bbox 128 837 202 894; x_wconf 81' lang='lat' dir='ltr'><strong>gens</strong></span> <span class='ocrx_word' id='word_1_20' title='bbox 218 822 348 895; x_wconf 87' lang='lat' dir='ltr'><strong>papistas</strong></span> <span class='ocrx_word' id='word_1_21' title='bbox 364 824 392 877; x_wconf 90' lang='lat' dir='ltr'><strong>et</strong></span> <span class='ocrx_word' id='word_1_22' title='bbox 407 799 561 880; x_wconf 83' lang='lat' dir='ltr'><strong>monachos</strong></span> <span class='ocrx_word' id='word_1_23' title='bbox 577 819 681 880; x_wconf 86' lang='lat' dir='ltr'><strong>diversi</strong></span> <span class='ocrx_word' id='word_1_24' title='bbox 697 817 806 878; x_wconf 87' lang='lat' dir='ltr'><strong>ordinis</strong></span> <span class='ocrx_word' id='word_1_25' title='bbox 822 824 851 878; x_wconf 90' lang='lat' dir='ltr'><strong>et</strong></span> <span class='ocrx_word' id='word_1_26' title='bbox 866 820 980 894; x_wconf 82' lang='lat' dir='ltr'><strong>similes,</strong></span> <span class='ocrx_word' id='word_1_27' title='bbox 1006 821 1056 892; x_wconf 83' lang='lat' dir='ltr'><strong>qui</strong></span> <span class='ocrx_word' id='word_1_28' title='bbox 1071 807 1135 880; x_wconf 85' lang='lat' dir='ltr'><strong>¹nou</strong></span> <span class='ocrx_word' id='word_1_29' title='bbox 1149 823 1180 878; x_wconf 90' lang='lat' dir='ltr'><strong>in</strong></span> <span class='ocrx_word' id='word_1_30' title='bbox 1196 819 1309 898; x_wconf 78' lang='lat' dir='ltr'><strong>cbristo</strong></span> 
     </span>
     <span class='ocr_line' id='line_1_5' title="bbox 128 923 1309 1004; baseline 0.003 -23"><span class='ocrx_word' id='word_1_31' title='bbox 128 925 183 984; x_wconf 89' lang='lat' dir='ltr'><strong>sed</strong></span> <span class='ocrx_word' id='word_1_32' title='bbox 199 923 254 983; x_wconf 91' lang='lat' dir='ltr'><strong>sub</strong></span> <span class='ocrx_word' id='word_1_33' title='bbox 269 926 329 1004; x_wconf 89' lang='lat' dir='ltr'><strong>suis</strong></span> <span class='ocrx_word' id='word_1_34' title='bbox 343 925 474 998; x_wconf 88' lang='lat' dir='ltr'><strong>patronis</strong></span> <span class='ocrx_word' id='word_1_35' title='bbox 496 930 570 982; x_wconf 88' lang='lat' dir='ltr'><strong>sunt.</strong></span> <span class='ocrx_word' id='word_1_36' title='bbox 608 925 679 984; x_wconf 89' lang='lat' dir='ltr'><strong>Item</strong></span> <span class='ocrx_word' id='word_1_37' title='bbox 699 931 802 984; x_wconf 83' lang='lat' dir='ltr'><strong>taxans</strong></span> <span class='ocrx_word' id='word_1_38' title='bbox 823 941 858 982; x_wconf 86' lang='lat' dir='ltr'><strong>ex</strong></span> <span class='ocrx_word' id='word_1_39' title='bbox 878 926 994 998; x_wconf 88' lang='lat' dir='ltr'><strong>nestris,</strong></span> <span class='ocrx_word' id='word_1_40' title='bbox 1018 927 1067 997; x_wconf 88' lang='lat' dir='ltr'><strong>qui</strong></span> <span class='ocrx_word' id='word_1_41' title='bbox 1088 923 1176 984; x_wconf 85' lang='lat' dir='ltr'><strong>verbo</strong></span> <span class='ocrx_word' id='word_1_42' title='bbox 1197 931 1309 984; x_wconf 88' lang='lat' dir='ltr'><strong>tautum</strong></span> 
     </span>
     <span class='ocr_line' id='line_1_6' title="bbox 129 1027 1307 1102; baseline 0.001 -14"><span class='ocrx_word' id='word_1_43' title='bbox 129 1036 160 1088; x_wconf 93' lang='lat' dir='ltr'><strong>et</strong></span> <span class='ocrx_word' id='word_1_44' title='bbox 183 1035 319 1091; x_wconf 82' lang='lat' dir='ltr'><strong>oretenus</strong></span> <span class='ocrx_word' id='word_1_45' title='bbox 342 1027 498 1090; x_wconf 82' lang='lat' dir='ltr'><strong>Christiani</strong></span> <span class='ocrx_word' id='word_1_46' title='bbox 521 1035 595 1088; x_wconf 75' lang='lat' dir='ltr'><strong>suut,</strong></span> <span class='ocrx_word' id='word_1_47' title='bbox 634 1029 695 1088; x_wconf 87' lang='lat' dir='ltr'><strong>Nec</strong></span> <span class='ocrx_word' id='word_1_48' title='bbox 715 1029 790 1088; x_wconf 91' lang='lat' dir='ltr'><strong>enim</strong></span> <span class='ocrx_word' id='word_1_49' title='bbox 814 1027 944 1088; x_wconf 87' lang='lat' dir='ltr'><strong>sufficere</strong></span> <span class='ocrx_word' id='word_1_50' title='bbox 965 1029 1019 1102; x_wconf 86' lang='lat' dir='ltr'><strong>ait,</strong></span> <span class='ocrx_word' id='word_1_51' title='bbox 1044 1030 1109 1088; x_wconf 87' lang='lat' dir='ltr'><strong>vitis</strong></span> <span class='ocrx_word' id='word_1_52' title='bbox 1129 1045 1243 1088; x_wconf 87' lang='lat' dir='ltr'><strong>succum</strong></span> <span class='ocrx_word' id='word_1_53' title='bbox 1264 1037 1307 1089; x_wconf 88' lang='lat' dir='ltr'><strong>at·</strong></span> 
     </span>
     <span class='ocr_line' id='line_1_7' title="bbox 128 1131 1309 1208; baseline -0.003 -14"><span class='ocrx_word' id='word_1_54' title='bbox 128 1137 266 1208; x_wconf 75' lang='lat' dir='ltr'><strong>traxisse,</strong></span> <span class='ocrx_word' id='word_1_55' title='bbox 291 1135 341 1193; x_wconf 89' lang='lat' dir='ltr'><strong>sed</strong></span> <span class='ocrx_word' id='word_1_56' title='bbox 356 1137 491 1207; x_wconf 87' lang='lat' dir='ltr'><strong>oportere</strong></span> <span class='ocrx_word' id='word_1_57' title='bbox 507 1141 539 1193; x_wconf 91' lang='lat' dir='ltr'><strong>ut</strong></span> <span class='ocrx_word' id='word_1_58' title='bbox 555 1149 625 1192; x_wconf 85' lang='lat' dir='ltr'><strong>uvas</strong></span> <span class='ocrx_word' id='word_1_59' title='bbox 641 1139 670 1191; x_wconf 88' lang='lat' dir='ltr'><strong>et</strong></span> <span class='ocrx_word' id='word_1_60' title='bbox 684 1134 782 1192; x_wconf 75' lang='lat' dir='ltr'><strong>bonos</strong></span> <span class='ocrx_word' id='word_1_61' title='bbox 805 1131 939 1193; x_wconf 77' lang='lat' dir='ltr'><strong>feramus,</strong></span> <span class='ocrx_word' id='word_1_62' title='bbox 972 1133 1035 1193; x_wconf 55' lang='lat' dir='ltr'><strong>Sed*</strong></span> <span class='ocrx_word' id='word_1_63' title='bbox 1048 1133 1125 1194; x_wconf 90' lang='lat' dir='ltr'><strong>dices</strong></span> <span class='ocrx_word' id='word_1_64' title='bbox 1143 1133 1231 1193; x_wconf 83' lang='lat' dir='ltr'><strong>forte:</strong></span> <span class='ocrx_word' id='word_1_65' title='bbox 1255 1135 1309 1206; x_wconf 77' lang='lat' dir='ltr'><strong>Qui</strong></span> 
     </span>
     <span class='ocr_line' id='line_1_8' title="bbox 128 1233 1308 1314; baseline 0 -16"><span class='ocrx_word' id='word_1_66' title='bbox 128 1242 205 1299; x_wconf 85' lang='lat' dir='ltr'><strong>scire</strong></span> <span class='ocrx_word' id='word_1_67' title='bbox 225 1255 354 1314; x_wconf 87' lang='lat' dir='ltr'><strong>possum,</strong></span> <span class='ocrx_word' id='word_1_68' title='bbox 380 1239 496 1313; x_wconf 86' lang='lat' dir='ltr'><strong>quando</strong></span> <span class='ocrx_word' id='word_1_69' title='bbox 520 1239 549 1298; x_wconf 89' lang='lat' dir='ltr'><strong>iu</strong></span> <span class='ocrx_word' id='word_1_70' title='bbox 572 1237 686 1298; x_wconf 76' lang='lat' dir='ltr'><strong>Christo</strong></span> <span class='ocrx_word' id='word_1_71' title='bbox 706 1237 856 1298; x_wconf 87' lang='lat' dir='ltr'><strong>maneum?</strong></span> <span class='ocrx_word' id='word_1_72' title='bbox 893 1233 1067 1314; x_wconf 72' lang='lat' dir='ltr'><strong>Responditr&#39;</strong></span> <span class='ocrx_word' id='word_1_73' title='bbox 1089 1237 1158 1298; x_wconf 78' lang='lat' dir='ltr'><strong>Cum</strong></span> <span class='ocrx_word' id='word_1_74' title='bbox 1180 1241 1308 1313; x_wconf 86' lang='lat' dir='ltr'><strong>spiritus,</strong></span> 
     </span>
     <span class='ocr_line' id='line_1_9' title="bbox 129 1342 1308 1424; baseline 0 -21"><span class='ocrx_word' id='word_1_75' title='bbox 129 1347 180 1418; x_wconf 86' lang='lat' dir='ltr'><strong>qni</strong></span> <span class='ocrx_word' id='word_1_76' title='bbox 193 1345 281 1403; x_wconf 89' lang='lat' dir='ltr'><strong>estin</strong></span> <span class='ocrx_word' id='word_1_77' title='bbox 293 1345 418 1424; x_wconf 83' lang='lat' dir='ltr'><strong>bomine,</strong></span> <span class='ocrx_word' id='word_1_78' title='bbox 431 1345 511 1416; x_wconf 85' lang='lat' dir='ltr'><strong>sciat,</strong></span> <span class='ocrx_word' id='word_1_79' title='bbox 521 1344 590 1417; x_wconf 90' lang='lat' dir='ltr'><strong>qnid</strong></span> <span class='ocrx_word' id='word_1_80' title='bbox 604 1345 641 1401; x_wconf 88' lang='lat' dir='ltr'><strong>sit</strong></span> <span class='ocrx_word' id='word_1_81' title='bbox 654 1344 684 1402; x_wconf 91' lang='lat' dir='ltr'><strong>in</strong></span> <span class='ocrx_word' id='word_1_82' title='bbox 697 1342 820 1416; x_wconf 88' lang='lat' dir='ltr'><strong>homine,</strong></span> <span class='ocrx_word' id='word_1_83' title='bbox 829 1342 912 1403; x_wconf 87' lang='lat' dir='ltr'><strong>iccils</strong></span> <span class='ocrx_word' id='word_1_84' title='bbox 925 1346 1161 1419; x_wconf 66' lang='lat' dir='ltr'><strong>restincturum</strong></span> <span class='ocrx_word' id='word_1_85' title='bbox 1174 1360 1210 1403; x_wconf 82' lang='lat' dir='ltr'><strong>ex</strong></span> <span class='ocrx_word' id='word_1_86' title='bbox 1222 1345 1308 1418; x_wconf 87' lang='lat' dir='ltr'><strong>corde</strong></span> 
     </span>
     <span class='ocr_line' id='line_1_10' title="bbox 128 1446 1309 1524; baseline 0 -16"><span class='ocrx_word' id='word_1_87' title='bbox 128 1450 204 1508; x_wconf 89' lang='lat' dir='ltr'><strong>bene</strong></span> <span class='ocrx_word' id='word_1_88' title='bbox 220 1465 290 1522; x_wconf 77' lang='lat' dir='ltr'><strong>erga</strong></span> <span class='ocrx_word' id='word_1_89' title='bbox 305 1447 450 1508; x_wconf 73' lang='lat' dir='ltr'><strong>Christum</strong></span> <span class='ocrx_word' id='word_1_90' title='bbox 465 1446 583 1508; x_wconf 81' lang='lat' dir='ltr'><strong>affectus</strong></span> <span class='ocrx_word' id='word_1_91' title='bbox 599 1447 646 1520; x_wconf 88' lang='lat' dir='ltr'><strong>sis,</strong></span> <span class='ocrx_word' id='word_1_92' title='bbox 671 1465 708 1506; x_wconf 90' lang='lat' dir='ltr'><strong>an</strong></span> <span class='ocrx_word' id='word_1_93' title='bbox 724 1463 814 1508; x_wconf 87' lang='lat' dir='ltr'><strong>secus.</strong></span> <span class='ocrx_word' id='word_1_94' title='bbox 847 1447 920 1521; x_wconf 82' lang='lat' dir='ltr'><strong>Quis</strong></span> <span class='ocrx_word' id='word_1_95' title='bbox 936 1455 1031 1510; x_wconf 89' lang='lat' dir='ltr'><strong>autem</strong></span> <span class='ocrx_word' id='word_1_96' title='bbox 1052 1449 1160 1524; x_wconf 86' lang='lat' dir='ltr'><strong>palmes</strong></span> <span class='ocrx_word' id='word_1_97' title='bbox 1181 1447 1309 1508; x_wconf 85' lang='lat' dir='ltr'><strong>non-fert</strong></span> 
     </span>
     <span class='ocr_line' id='line_1_11' title="bbox 127 1551 1308 1639; baseline 0 -27"><span class='ocrx_word' id='word_1_98' title='bbox 127 1551 255 1612; x_wconf 67' lang='lat' dir='ltr'><strong>nuatum</strong></span> <span class='ocrx_word' id='word_1_99' title='bbox 274 1559 359 1613; x_wconf 81' lang='lat' dir='ltr'><strong>extra</strong></span> <span class='ocrx_word' id='word_1_100' title='bbox 381 1553 497 1639; x_wconf 83' lang='lat' dir='ltr'><strong>vitem,¹</strong></span> <span class='ocrx_word' id='word_1_101' title='bbox 514 1551 684 1612; x_wconf 84' lang='lat' dir='ltr'><strong>menendum</strong></span> <span class='ocrx_word' id='word_1_102' title='bbox 706 1553 759 1612; x_wconf 89' lang='lat' dir='ltr'><strong>tibi</strong></span> <span class='ocrx_word' id='word_1_103' title='bbox 781 1555 810 1612; x_wconf 92' lang='lat' dir='ltr'><strong>in</strong></span> <span class='ocrx_word' id='word_1_104' title='bbox 837 1551 950 1613; x_wconf 80' lang='lat' dir='ltr'><strong>Christo</strong></span> <span class='ocrx_word' id='word_1_105' title='bbox 973 1561 1018 1614; x_wconf 89' lang='lat' dir='ltr'><strong>est</strong></span> <span class='ocrx_word' id='word_1_106' title='bbox 1040 1561 1069 1613; x_wconf 89' lang='lat' dir='ltr'><strong>et</strong></span> <span class='ocrx_word' id='word_1_107' title='bbox 1092 1554 1139 1612; x_wconf 88' lang='lat' dir='ltr'><strong>bic</strong></span> <span class='ocrx_word' id='word_1_108' title='bbox 1161 1553 1308 1627; x_wconf 79' lang='lat' dir='ltr'><strong>rogandus</strong></span> 
     </span>
     <span class='ocr_line' id='line_1_12' title="bbox 128 1658 1308 1733; baseline -0.003 -15"><span class='ocrx_word' id='word_1_109' title='bbox 128 1665 189 1733; x_wconf 80' lang='lat' dir='ltr'><strong>est,¹</strong></span> <span class='ocrx_word' id='word_1_110' title='bbox 213 1664 245 1717; x_wconf 91' lang='lat' dir='ltr'><strong>ut</strong></span> <span class='ocrx_word' id='word_1_111' title='bbox 264 1659 354 1732; x_wconf 63' lang='lat' dir='ltr'><strong>juxta*</strong></span> <span class='ocrx_word' id='word_1_112' title='bbox 369 1660 587 1731; x_wconf 76' lang='lat' dir='ltr'><strong>premissionem</strong></span> <span class='ocrx_word' id='word_1_113' title='bbox 609 1673 689 1717; x_wconf 86' lang='lat' dir='ltr'><strong>suam</strong></span> <span class='ocrx_word' id='word_1_114' title='bbox 712 1659 741 1715; x_wconf 89' lang='lat' dir='ltr'><strong>in</strong></span> <span class='ocrx_word' id='word_1_115' title='bbox 764 1663 793 1716; x_wconf 93' lang='lat' dir='ltr'><strong>te</strong></span> <span class='ocrx_word' id='word_1_116' title='bbox 815 1665 938 1717; x_wconf 87' lang='lat' dir='ltr'><strong>maneat.</strong></span> <span class='ocrx_word' id='word_1_117' title='bbox 978 1658 1017 1720; x_wconf 78' lang='lat' dir='ltr'><strong>Et</strong></span> <span class='ocrx_word' id='word_1_118' title='bbox 1038 1666 1179 1732; x_wconf 76' lang='lat' dir='ltr'><strong>preterea</strong></span> <span class='ocrx_word' id='word_1_119' title='bbox 1202 1659 1308 1716; x_wconf 72' lang='lat' dir='ltr'><strong>mulus</strong></span> 
     </span>
     <span class='ocr_line' id='line_1_13' title="bbox 127 1747 1308 1837; baseline -0.003 -13"><span class='ocrx_word' id='word_1_120' title='bbox 127 1765 273 1824; x_wconf 63' lang='lat' dir='ltr'><strong>mutares</strong></span> <span class='ocrx_word' id='word_1_121' title='bbox 292 1779 455 1837; x_wconf 82' lang='lat' dir='ltr'><strong>paraencses</strong></span> <span class='ocrx_word' id='word_1_122' title='bbox 477 1779 513 1823; x_wconf 87' lang='lat' dir='ltr'><strong>ex</strong></span> <span class='ocrx_word' id='word_1_123' title='bbox 533 1763 586 1822; x_wconf 87' lang='lat' dir='ltr'><strong>hoc</strong></span> <span class='ocrx_word' id='word_1_124' title='bbox 606 1767 686 1821; x_wconf 85' lang='lat' dir='ltr'><strong>textu</strong></span> <span class='ocrx_word' id='word_1_125' title='bbox 706 1761 734 1822; x_wconf 93' lang='lat' dir='ltr'><strong>d.</strong></span> <span class='ocrx_word' id='word_1_126' title='bbox 756 1761 904 1822; x_wconf 78' lang='lat' dir='ltr'><strong>Musetrius</strong></span> <span class='ocrx_word' id='word_1_127' title='bbox 923 1762 1069 1836; x_wconf 85' lang='lat' dir='ltr'><strong>produxit.</strong></span> <span class='ocrx_word' id='word_1_128' title='bbox 1101 1747 1308 1822; x_wconf 78' lang='lat' dir='ltr'><strong>nct&#39;cnristus</strong></span> 
     </span>
     <span class='ocr_line' id='line_1_14' title="bbox 128 1848 1308 1944; baseline -0.004 -13"><span class='ocrx_word' id='word_1_129' title='bbox 128 1871 278 1944; x_wconf 86' lang='lat' dir='ltr'><strong>dominus,</strong></span> <span class='ocrx_word' id='word_1_130' title='bbox 301 1874 334 1928; x_wconf 90' lang='lat' dir='ltr'><strong>ut</strong></span> <span class='ocrx_word' id='word_1_131' title='bbox 353 1871 383 1928; x_wconf 91' lang='lat' dir='ltr'><strong>in</strong></span> <span class='ocrx_word' id='word_1_132' title='bbox 401 1885 436 1930; x_wconf 89' lang='lat' dir='ltr'><strong>eo</strong></span> <span class='ocrx_word' id='word_1_133' title='bbox 456 1881 682 1943; x_wconf 80' lang='lat' dir='ltr'><strong>permaneamus,</strong></span> <span class='ocrx_word' id='word_1_134' title='bbox 707 1848 816 1941; x_wconf 73' lang='lat' dir='ltr'><strong>etipse</strong></span> <span class='ocrx_word' id='word_1_135' title='bbox 835 1868 865 1926; x_wconf 93' lang='lat' dir='ltr'><strong>in</strong></span> <span class='ocrx_word' id='word_1_136' title='bbox 885 1867 969 1926; x_wconf 90' lang='lat' dir='ltr'><strong>uobis</strong></span> <span class='ocrx_word' id='word_1_137' title='bbox 989 1880 1105 1928; x_wconf 85' lang='lat' dir='ltr'><strong>munero</strong></span> <span class='ocrx_word' id='word_1_138' title='bbox 1118 1867 1204 1940; x_wconf 86' lang='lat' dir='ltr'><strong>¹velit,</strong></span> <span class='ocrx_word' id='word_1_139' title='bbox 1225 1868 1308 1940; x_wconf 85' lang='lat' dir='ltr'><strong>jnxto</strong></span> 
     </span>
     <span class='ocr_line' id='line_1_15' title="bbox 127 1971 1308 2049; baseline -0.003 -16"><span class='ocrx_word' id='word_1_140' title='bbox 127 1975 288 2048; x_wconf 83' lang='lat' dir='ltr'><strong>ipsiusmet,</strong></span> <span class='ocrx_word' id='word_1_141' title='bbox 313 1975 363 2047; x_wconf 85' lang='lat' dir='ltr'><strong>qni</strong></span> <span class='ocrx_word' id='word_1_142' title='bbox 378 1974 442 2049; x_wconf 87' lang='lat' dir='ltr'><strong>ipsa</strong></span> <span class='ocrx_word' id='word_1_143' title='bbox 456 1981 501 2033; x_wconf 87' lang='lat' dir='ltr'><strong>est</strong></span> <span class='ocrx_word' id='word_1_144' title='bbox 521 1976 635 2047; x_wconf 69' lang='lat' dir='ltr'><strong>verius,</strong></span> <span class='ocrx_word' id='word_1_145' title='bbox 659 1974 887 2047; x_wconf 88' lang='lat' dir='ltr'><strong>promissionem.</strong></span> <span class='ocrx_word' id='word_1_146' title='bbox 919 1971 953 2030; x_wconf 91' lang='lat' dir='ltr'><strong>Iu</strong></span> <span class='ocrx_word' id='word_1_147' title='bbox 974 1971 1221 2032; x_wconf 74' lang='lat' dir='ltr'><strong>obsecrationibus</strong></span> <span class='ocrx_word' id='word_1_148' title='bbox 1233 1973 1308 2030; x_wconf 85' lang='lat' dir='ltr'><strong>inter</strong></span> 
     </span>
     <span class='ocr_line' id='line_1_16' title="bbox 126 2072 1307 2154; baseline -0.003 -16"><span class='ocrx_word' id='word_1_149' title='bbox 126 2085 235 2139; x_wconf 74' lang='lat' dir='ltr'><strong>caetera</strong></span> <span class='ocrx_word' id='word_1_150' title='bbox 257 2093 342 2140; x_wconf 86' lang='lat' dir='ltr'><strong>crare</strong></span> <span class='ocrx_word' id='word_1_151' title='bbox 362 2095 421 2152; x_wconf 85' lang='lat' dir='ltr'><strong>pru</strong></span> <span class='ocrx_word' id='word_1_152' title='bbox 435 2079 622 2154; x_wconf 82' lang='lat' dir='ltr'><strong>imperatore,</strong></span> <span class='ocrx_word' id='word_1_153' title='bbox 647 2093 728 2152; x_wconf 83' lang='lat' dir='ltr'><strong>rege,</strong></span> <span class='ocrx_word' id='word_1_154' title='bbox 758 2076 928 2136; x_wconf 80' lang='lat' dir='ltr'><strong>electoribus</strong></span> <span class='ocrx_word' id='word_1_155' title='bbox 950 2081 979 2134; x_wconf 87' lang='lat' dir='ltr'><strong>et</strong></span> <span class='ocrx_word' id='word_1_156' title='bbox 1001 2072 1132 2136; x_wconf 84' lang='lat' dir='ltr'><strong>omnibus</strong></span> <span class='ocrx_word' id='word_1_157' title='bbox 1155 2077 1307 2148; x_wconf 80' lang='lat' dir='ltr'><strong>magistra·</strong></span> 
     </span>
     <span class='ocr_line' id='line_1_17' title="bbox 126 2179 1307 2258; baseline -0.007 -14"><span class='ocrx_word' id='word_1_158' title='bbox 126 2186 220 2258; x_wconf 89' lang='lat' dir='ltr'><strong>tibus,</strong></span> <span class='ocrx_word' id='word_1_159' title='bbox 245 2189 278 2243; x_wconf 89' lang='lat' dir='ltr'><strong>nt</strong></span> <span class='ocrx_word' id='word_1_160' title='bbox 301 2185 370 2244; x_wconf 86' lang='lat' dir='ltr'><strong>deus</strong></span> <span class='ocrx_word' id='word_1_161' title='bbox 391 2181 515 2243; x_wconf 86' lang='lat' dir='ltr'><strong>illorum</strong></span> <span class='ocrx_word' id='word_1_162' title='bbox 529 2187 639 2243; x_wconf 81' lang='lat' dir='ltr'><strong>ammos</strong></span> <span class='ocrx_word' id='word_1_163' title='bbox 655 2183 799 2243; x_wconf 87' lang='lat' dir='ltr'><strong>instillare</strong></span> <span class='ocrx_word' id='word_1_164' title='bbox 821 2181 991 2256; x_wconf 78' lang='lat' dir='ltr'><strong>dignaretur</strong></span> <span class='ocrx_word' id='word_1_165' title='bbox 1014 2193 1169 2253; x_wconf 77' lang='lat' dir='ltr'><strong>agnoscere</strong></span> <span class='ocrx_word' id='word_1_166' title='bbox 1191 2179 1307 2254; x_wconf 78' lang='lat' dir='ltr'><strong>quasit</strong></span> 
     </span>
     <span class='ocr_line' id='line_1_18' title="bbox 130 2283 1126 2361; baseline -0.004 -11"><span class='ocrx_word' id='word_1_167' title='bbox 130 2289 294 2352; x_wconf 81' lang='lat' dir='ltr'><strong>differentia</strong></span> <span class='ocrx_word' id='word_1_168' title='bbox 308 2291 385 2350; x_wconf 89' lang='lat' dir='ltr'><strong>inter</strong></span> <span class='ocrx_word' id='word_1_169' title='bbox 398 2290 597 2361; x_wconf 77' lang='lat' dir='ltr'><strong>magistratum</strong></span> <span class='ocrx_word' id='word_1_170' title='bbox 612 2289 750 2348; x_wconf 85' lang='lat' dir='ltr'><strong>turcicum</strong></span> <span class='ocrx_word' id='word_1_171' title='bbox 766 2295 795 2346; x_wconf 88' lang='lat' dir='ltr'><strong>et</strong></span> <span class='ocrx_word' id='word_1_172' title='bbox 809 2283 1010 2358; x_wconf 78' lang='lat' dir='ltr'><strong>cbrisdmum,</strong></span> <span class='ocrx_word' id='word_1_173' title='bbox 1031 2286 1126 2358; x_wconf 80' lang='lat' dir='ltr'><strong>iussit</strong></span> 
     </span>
    </p>

    <p class='ocr_par' dir='ltr' id='par_1_3' title="bbox 130 2385 1305 2573">
     <span class='ocr_line' id='line_1_19' title="bbox 219 2385 1305 2468; baseline -0.005 -14"><span class='ocrx_word' id='word_1_174' title='bbox 219 2395 330 2454; x_wconf 86' lang='lat' dir='ltr'><strong>Eadem</strong></span> <span class='ocrx_word' id='word_1_175' title='bbox 351 2395 466 2468; x_wconf 84' lang='lat' dir='ltr'><strong>quidum</strong></span> <span class='ocrx_word' id='word_1_176' title='bbox 487 2399 564 2453; x_wconf 86' lang='lat' dir='ltr'><strong>certe</strong></span> <span class='ocrx_word' id='word_1_177' title='bbox 586 2391 748 2456; x_wconf 77' lang='lat' dir='ltr'><strong>affirmabat</strong></span> <span class='ocrx_word' id='word_1_178' title='bbox 768 2394 844 2451; x_wconf 89' lang='lat' dir='ltr'><strong>intra</strong></span> <span class='ocrx_word' id='word_1_179' title='bbox 865 2385 936 2456; x_wconf 80' lang='lat' dir='ltr'><strong>dnus</strong></span> <span class='ocrx_word' id='word_1_180' title='bbox 958 2406 1070 2450; x_wconf 88' lang='lat' dir='ltr'><strong>menses</strong></span> <span class='ocrx_word' id='word_1_181' title='bbox 1089 2391 1203 2450; x_wconf 87' lang='lat' dir='ltr'><strong>comitia</strong></span> <span class='ocrx_word' id='word_1_182' title='bbox 1223 2392 1305 2450; x_wconf 87' lang='lat' dir='ltr'><strong>abso·</strong></span> 
     </span>
     <span class='ocr_line' id='line_1_20' title="bbox 130 2496 775 2573; baseline 0.003 -15"><span class='ocrx_word' id='word_1_183' title='bbox 130 2501 192 2560; x_wconf 84' lang='lat' dir='ltr'><strong>luta</strong></span> <span class='ocrx_word' id='word_1_184' title='bbox 207 2497 280 2560; x_wconf 88' lang='lat' dir='ltr'><strong>fore.</strong></span> <span class='ocrx_word' id='word_1_185' title='bbox 312 2496 370 2559; x_wconf 84' lang='lat' dir='ltr'><strong>Sed</strong></span> <span class='ocrx_word' id='word_1_186' title='bbox 387 2515 478 2558; x_wconf 87' lang='lat' dir='ltr'><strong>vanus</strong></span> <span class='ocrx_word' id='word_1_187' title='bbox 493 2499 539 2561; x_wconf 90' lang='lat' dir='ltr'><strong>blc</strong></span> <span class='ocrx_word' id='word_1_188' title='bbox 553 2497 647 2558; x_wconf 86' lang='lat' dir='ltr'><strong>extitit</strong></span> <span class='ocrx_word' id='word_1_189' title='bbox 661 2513 775 2573; x_wconf 62' lang='lat' dir='ltr'><strong>augur„</strong></span> 
     </span>
    </p>
   </div>
   <div class='ocr_carea' id='block_1_3' title="bbox 220 2599 1306 2680">
    <p class='ocr_par' dir='ltr' id='par_1_4' title="bbox 220 2599 1306 2680">
     <span class='ocr_line' id='line_1_21' title="bbox 220 2599 1306 2680; baseline -0.004 -16"><span class='ocrx_word' id='word_1_190' title='bbox 220 2605 378 2680; x_wconf 85' lang='lat' dir='ltr'><strong>Postquam</strong></span> <span class='ocrx_word' id='word_1_191' title='bbox 394 2603 593 2664; x_wconf 83' lang='lat' dir='ltr'><strong>Atrebatensis</strong></span> <span class='ocrx_word' id='word_1_192' title='bbox 613 2619 634 2661; x_wconf 83' lang='lat' dir='ltr'><strong>a</strong></span> <span class='ocrx_word' id='word_1_193' title='bbox 651 2605 773 2678; x_wconf 84' lang='lat' dir='ltr'><strong>septima</strong></span> <span class='ocrx_word' id='word_1_194' title='bbox 792 2604 830 2662; x_wconf 90' lang='lat' dir='ltr'><strong>ad</strong></span> <span class='ocrx_word' id='word_1_195' title='bbox 850 2599 978 2664; x_wconf 83' lang='lat' dir='ltr'><strong>octavam</strong></span> <span class='ocrx_word' id='word_1_196' title='bbox 1000 2621 1018 2662; x_wconf 89' lang='lat' dir='ltr'><strong>a</strong></span> <span class='ocrx_word' id='word_1_197' title='bbox 1037 2601 1117 2662; x_wconf 89' lang='lat' dir='ltr'><strong>uubis</strong></span> <span class='ocrx_word' id='word_1_198' title='bbox 1140 2605 1306 2676; x_wconf 73' lang='lat' dir='ltr'><strong>expectatus</strong></span> 
     </span>
    </p>
   </div>
   <div class='ocr_carea' id='block_1_4' title="bbox 44 2705 1358 4565">
    <p class='ocr_par' dir='ltr' id='par_1_5' title="bbox 44 2705 1358 4565">
     <span class='ocr_line' id='line_1_22' title="bbox 129 2705 1304 2786; baseline -0.007 -14"><span class='ocrx_word' id='word_1_199' title='bbox 129 2717 214 2786; x_wconf 87' lang='lat' dir='ltr'><strong>esset,</strong></span> <span class='ocrx_word' id='word_1_200' title='bbox 238 2710 356 2772; x_wconf 87' lang='lat' dir='ltr'><strong>tandem</strong></span> <span class='ocrx_word' id='word_1_201' title='bbox 371 2711 425 2769; x_wconf 89' lang='lat' dir='ltr'><strong>hcc</strong></span> <span class='ocrx_word' id='word_1_202' title='bbox 442 2708 521 2768; x_wconf 85' lang='lat' dir='ltr'><strong>dedit</strong></span> <span class='ocrx_word' id='word_1_203' title='bbox 536 2711 678 2782; x_wconf 81' lang='lat' dir='ltr'><strong>responsi,</strong></span> <span class='ocrx_word' id='word_1_204' title='bbox 703 2724 735 2766; x_wconf 92' lang='lat' dir='ltr'><strong>se</strong></span> <span class='ocrx_word' id='word_1_205' title='bbox 755 2707 881 2768; x_wconf 85' lang='lat' dir='ltr'><strong>nondum</strong></span> <span class='ocrx_word' id='word_1_206' title='bbox 900 2709 991 2768; x_wconf 87' lang='lat' dir='ltr'><strong>nostri</strong></span> <span class='ocrx_word' id='word_1_207' title='bbox 1011 2709 1138 2781; x_wconf 75' lang='lat' dir='ltr'><strong>potuisse</strong></span> <span class='ocrx_word' id='word_1_208' title='bbox 1158 2705 1234 2781; x_wconf 90' lang='lat' dir='ltr'><strong>apud</strong></span> <span class='ocrx_word' id='word_1_209' title='bbox 1253 2707 1304 2764; x_wconf 88' lang='lat' dir='ltr'><strong>iru-</strong></span> 
     </span>
     <span class='ocr_line' id='line_1_23' title="bbox 128 2803 1305 2892; baseline -0.006 -15"><span class='ocrx_word' id='word_1_210' title='bbox 128 2823 296 2892; x_wconf 87' lang='lat' dir='ltr'><strong>peratorem</strong></span> <span class='ocrx_word' id='word_1_211' title='bbox 319 2817 491 2875; x_wconf 87' lang='lat' dir='ltr'><strong>1neutionem</strong></span> <span class='ocrx_word' id='word_1_212' title='bbox 512 2803 616 2874; x_wconf 78' lang='lat' dir='ltr'><strong>iacere.</strong></span> <span class='ocrx_word' id='word_1_213' title='bbox 656 2813 785 2886; x_wconf 81' lang='lat' dir='ltr'><strong>Rugatus</strong></span> <span class='ocrx_word' id='word_1_214' title='bbox 809 2818 841 2871; x_wconf 92' lang='lat' dir='ltr'><strong>ut</strong></span> <span class='ocrx_word' id='word_1_215' title='bbox 864 2811 910 2872; x_wconf 87' lang='lat' dir='ltr'><strong>vel</strong></span> <span class='ocrx_word' id='word_1_216' title='bbox 932 2810 1026 2870; x_wconf 87' lang='lat' dir='ltr'><strong>adbuc</strong></span> <span class='ocrx_word' id='word_1_217' title='bbox 1048 2809 1169 2883; x_wconf 85' lang='lat' dir='ltr'><strong>iaceret,</strong></span> <span class='ocrx_word' id='word_1_218' title='bbox 1193 2811 1305 2887; x_wconf 86' lang='lat' dir='ltr'><strong>faciam,</strong></span> 
     </span>
     <span class='ocr_line' id='line_1_24' title="bbox 128 2914 1320 3008; baseline -0.007 -27"><span class='ocrx_word' id='word_1_219' title='bbox 128 2925 186 2996; x_wconf 92' lang='lat' dir='ltr'><strong>ait,</strong></span> <span class='ocrx_word' id='word_1_220' title='bbox 205 2920 265 3000; x_wconf 79' lang='lat' dir='ltr'><strong>sed</strong></span> <span class='ocrx_word' id='word_1_221' title='bbox 286 2925 401 2995; x_wconf 80' lang='lat' dir='ltr'><strong>oportet</strong></span> <span class='ocrx_word' id='word_1_222' title='bbox 424 2935 474 3008; x_wconf 69' lang='lat' dir='ltr'><strong>ves</strong></span> <span class='ocrx_word' id='word_1_223' title='bbox 497 2925 648 2993; x_wconf 85' lang='lat' dir='ltr'><strong>expectare</strong></span> <span class='ocrx_word' id='word_1_224' title='bbox 671 2924 783 2990; x_wconf 87' lang='lat' dir='ltr'><strong>tempus</strong></span> <span class='ocrx_word' id='word_1_225' title='bbox 806 2916 841 2975; x_wconf 89' lang='lat' dir='ltr'><strong>ad</strong></span> <span class='ocrx_word' id='word_1_226' title='bbox 865 2916 894 2974; x_wconf 89' lang='lat' dir='ltr'><strong>id</strong></span> <span class='ocrx_word' id='word_1_227' title='bbox 918 2915 1102 2974; x_wconf 86' lang='lat' dir='ltr'><strong>commodum.</strong></span> <span class='ocrx_word' id='word_1_228' title='bbox 1147 2914 1256 2978; x_wconf 84' lang='lat' dir='ltr'><strong>Aderat</strong></span> <span class='ocrx_word' id='word_1_229' title='bbox 1278 2921 1320 2974; x_wconf 86' lang='lat' dir='ltr'><strong>et-</strong></span> 
     </span>
     <span class='ocr_line' id='line_1_25' title="bbox 129 3025 296 3086; baseline -0.012 0"><span class='ocrx_word' id='word_1_230' title='bbox 129 3025 296 3086; x_wconf 83' lang='lat' dir='ltr'><strong>Malvenda.</strong></span> 
     </span>
     <span class='ocr_line' id='line_1_26' title="bbox 44 3111 1306 3212; baseline -0.008 -20"><span class='ocrx_word' id='word_1_231' title='bbox 44 3143 46 3147; x_wconf 84' lang='grc'><strong><em>·</em></strong></span> <span class='ocrx_word' id='word_1_232' title='bbox 220 3130 351 3190; x_wconf 76' lang='lat' dir='ltr'><strong>Mmebin</strong></span> <span class='ocrx_word' id='word_1_233' title='bbox 374 3131 480 3189; x_wconf 84' lang='lat' dir='ltr'><strong>eleuter</strong></span> <span class='ocrx_word' id='word_1_234' title='bbox 503 3111 930 3212; x_wconf 74' lang='lat' dir='ltr'><strong>brandenburgensiset&#39;uxor</strong></span> <span class='ocrx_word' id='word_1_235' title='bbox 951 3128 1026 3200; x_wconf 89' lang='lat' dir='ltr'><strong>ejus,</strong></span> <span class='ocrx_word' id='word_1_236' title='bbox 1056 3139 1150 3184; x_wconf 87' lang='lat' dir='ltr'><strong>comes</strong></span> <span class='ocrx_word' id='word_1_237' title='bbox 1179 3125 1306 3182; x_wconf 85' lang='lat' dir='ltr'><strong>loannes</strong></span> 
     </span>
     <span class='ocr_line' id='line_1_27' title="bbox 130 3228 1306 3308; baseline -0.009 -12"><span class='ocrx_word' id='word_1_238' title='bbox 130 3254 148 3296; x_wconf 88' lang='lat' dir='ltr'><strong>a</strong></span> <span class='ocrx_word' id='word_1_239' title='bbox 164 3235 309 3296; x_wconf 86' lang='lat' dir='ltr'><strong>Waldeok</strong></span> <span class='ocrx_word' id='word_1_240' title='bbox 323 3241 352 3295; x_wconf 89' lang='lat' dir='ltr'><strong>et</strong></span> <span class='ocrx_word' id='word_1_241' title='bbox 361 3235 579 3308; x_wconf 82' lang='lat' dir='ltr'><strong>Scbcmbergius</strong></span> <span class='ocrx_word' id='word_1_242' title='bbox 595 3235 823 3307; x_wconf 70' lang='lat' dir='ltr'><strong>protospatarius</strong></span> <span class='ocrx_word' id='word_1_243' title='bbox 839 3231 961 3308; x_wconf 81' lang='lat' dir='ltr'><strong>Gaesaris</strong></span> <span class='ocrx_word' id='word_1_244' title='bbox 976 3229 1054 3305; x_wconf 90' lang='lat' dir='ltr'><strong>apud</strong></span> <span class='ocrx_word' id='word_1_245' title='bbox 1069 3229 1212 3289; x_wconf 89' lang='lat' dir='ltr'><strong>dominam</strong></span> <span class='ocrx_word' id='word_1_246' title='bbox 1228 3228 1306 3302; x_wconf 91' lang='lat' dir='ltr'><strong>priu-</strong></span> 
     </span>
     <span class='ocr_line' id='line_1_28' title="bbox 130 3333 1304 3418; baseline -0.008 -16"><span class='ocrx_word' id='word_1_247' title='bbox 130 3343 224 3418; x_wconf 83' lang='lat' dir='ltr'><strong>cipem</strong></span> <span class='ocrx_word' id='word_1_248' title='bbox 245 3341 357 3400; x_wconf 86' lang='lat' dir='ltr'><strong>Hassiae</strong></span> <span class='ocrx_word' id='word_1_249' title='bbox 380 3342 477 3414; x_wconf 87' lang='lat' dir='ltr'><strong>pransi</strong></span> <span class='ocrx_word' id='word_1_250' title='bbox 497 3344 572 3398; x_wconf 75' lang='lat' dir='ltr'><strong>sunt,</strong></span> <span class='ocrx_word' id='word_1_251' title='bbox 605 3339 630 3395; x_wconf 91' lang='lat' dir='ltr'>A</span> <span class='ocrx_word' id='word_1_252' title='bbox 651 3333 900 3412; x_wconf 79' lang='lat' dir='ltr'><strong>prandioele&#39;ctor</strong></span> <span class='ocrx_word' id='word_1_253' title='bbox 920 3353 1037 3405; x_wconf 64' lang='lat' dir='ltr'><strong>uxorem</strong></span> <span class='ocrx_word' id='word_1_254' title='bbox 1059 3351 1139 3394; x_wconf 87' lang='lat' dir='ltr'><strong>suam</strong></span> <span class='ocrx_word' id='word_1_255' title='bbox 1161 3341 1191 3394; x_wconf 87' lang='lat' dir='ltr'><strong>et</strong></span> <span class='ocrx_word' id='word_1_256' title='bbox 1209 3333 1304 3410; x_wconf 82' lang='lat' dir='ltr'><strong>landt-</strong></span> 
     </span>
     <span class='ocr_line' id='line_1_29' title="bbox 129 3439 1305 3523; baseline -0.005 -17"><span class='ocrx_word' id='word_1_257' title='bbox 129 3448 260 3523; x_wconf 76' lang='lat' dir='ltr'><strong>gravium</strong></span> <span class='ocrx_word' id='word_1_258' title='bbox 285 3449 315 3504; x_wconf 92' lang='lat' dir='ltr'><strong>in</strong></span> <span class='ocrx_word' id='word_1_259' title='bbox 341 3446 440 3508; x_wconf 88' lang='lat' dir='ltr'><strong>hortos</strong></span> <span class='ocrx_word' id='word_1_260' title='bbox 463 3444 599 3503; x_wconf 88' lang='lat' dir='ltr'><strong>Herbroti</strong></span> <span class='ocrx_word' id='word_1_261' title='bbox 625 3448 774 3508; x_wconf 81' lang='lat' dir='ltr'><strong>vernetum</strong></span> <span class='ocrx_word' id='word_1_262' title='bbox 797 3445 892 3516; x_wconf 83' lang='lat' dir='ltr'><strong>duxit,</strong></span> <span class='ocrx_word' id='word_1_263' title='bbox 923 3443 971 3502; x_wconf 89' lang='lat' dir='ltr'><strong>ubi</strong></span> <span class='ocrx_word' id='word_1_264' title='bbox 995 3443 1137 3502; x_wconf 88' lang='lat' dir='ltr'><strong>dominam</strong></span> <span class='ocrx_word' id='word_1_265' title='bbox 1160 3439 1305 3515; x_wconf 78' lang='lat' dir='ltr'><strong>bndtgra·</strong></span> 
     </span>
     <span class='ocr_line' id='line_1_30' title="bbox 130 3543 1273 3634; baseline -0.007 -22"><span class='ocrx_word' id='word_1_266' title='bbox 130 3553 207 3612; x_wconf 76' lang='lat' dir='ltr'><strong>dam</strong></span> <span class='ocrx_word' id='word_1_267' title='bbox 223 3557 252 3611; x_wconf 89' lang='lat' dir='ltr'><strong>et</strong></span> <span class='ocrx_word' id='word_1_268' title='bbox 266 3553 320 3624; x_wconf 88' lang='lat' dir='ltr'><strong>ipsi</strong></span> <span class='ocrx_word' id='word_1_269' title='bbox 335 3550 452 3610; x_wconf 82' lang='lat' dir='ltr'><strong>abocuti</strong></span> <span class='ocrx_word' id='word_1_270' title='bbox 468 3565 577 3621; x_wconf 87' lang='lat' dir='ltr'><strong>sumus,</strong></span> <span class='ocrx_word' id='word_1_271' title='bbox 602 3563 666 3607; x_wconf 89' lang='lat' dir='ltr'><strong>eam</strong></span> <span class='ocrx_word' id='word_1_272' title='bbox 680 3547 719 3608; x_wconf 86' lang='lat' dir='ltr'><strong>ad</strong></span> <span class='ocrx_word' id='word_1_273' title='bbox 732 3546 888 3623; x_wconf 85' lang='lat' dir='ltr'><strong>hospitium</strong></span> <span class='ocrx_word' id='word_1_274' title='bbox 910 3543 1054 3608; x_wconf 80' lang='lat' dir='ltr'><strong>ducentes.</strong></span> <span class='ocrx_word' id='word_1_275' title='bbox 1227 3578 1231 3583; x_wconf 95' lang='lat'>-</span> <span class='ocrx_word' id='word_1_276' title='bbox 1268 3627 1273 3634; x_wconf 13' lang='grc' dir='ltr'><em>ἠ</em></span> 
     </span>
     <span class='ocr_line' id='line_1_31' title="bbox 222 3645 1306 3738; baseline -0.009 -22"><span class='ocrx_word' id='word_1_277' title='bbox 222 3657 319 3716; x_wconf 82' lang='lat' dir='ltr'><strong>Allata</strong></span> <span class='ocrx_word' id='word_1_278' title='bbox 338 3662 382 3715; x_wconf 90' lang='lat' dir='ltr'><strong>est</strong></span> <span class='ocrx_word' id='word_1_279' title='bbox 399 3647 484 3728; x_wconf 65' lang='lat' dir='ltr'><strong>mma,</strong></span> <span class='ocrx_word' id='word_1_280' title='bbox 507 3654 537 3713; x_wconf 92' lang='lat' dir='ltr'><strong>in</strong></span> <span class='ocrx_word' id='word_1_281' title='bbox 552 3653 774 3724; x_wconf 75' lang='lat' dir='ltr'><strong>Nouiomurchic</strong></span> <span class='ocrx_word' id='word_1_282' title='bbox 793 3653 863 3713; x_wconf 89' lang='lat' dir='ltr'><strong>urbe</strong></span> <span class='ocrx_word' id='word_1_283' title='bbox 884 3653 1008 3713; x_wconf 86' lang='lat' dir='ltr'><strong>Palatini</strong></span> <span class='ocrx_word' id='word_1_284' title='bbox 1028 3645 1160 3710; x_wconf 86' lang='lat' dir='ltr'><strong>electoris</strong></span> <span class='ocrx_word' id='word_1_285' title='bbox 1180 3649 1306 3738; x_wconf 79' lang='lat' dir='ltr'><strong>interdiu</strong></span> 
     </span>
     <span class='ocr_line' id='line_1_32' title="bbox 130 3753 1307 3842; baseline -0.009 -20"><span class='ocrx_word' id='word_1_286' title='bbox 130 3764 211 3823; x_wconf 88' lang='lat' dir='ltr'><strong>claro</strong></span> <span class='ocrx_word' id='word_1_287' title='bbox 227 3764 288 3836; x_wconf 81' lang='lat' dir='ltr'><strong>J&#39;ain</strong></span> <span class='ocrx_word' id='word_1_288' title='bbox 307 3761 368 3826; x_wconf 89' lang='lat' dir='ltr'><strong>sole</strong></span> <span class='ocrx_word' id='word_1_289' title='bbox 388 3761 524 3842; x_wconf 89' lang='lat' dir='ltr'><strong>templum</strong></span> <span class='ocrx_word' id='word_1_290' title='bbox 543 3758 652 3819; x_wconf 85' lang='lat' dir='ltr'><strong>facibus</strong></span> <span class='ocrx_word' id='word_1_291' title='bbox 672 3758 839 3818; x_wconf 76' lang='lat' dir='ltr'><strong>ardentibus</strong></span> <span class='ocrx_word' id='word_1_292' title='bbox 860 3757 987 3830; x_wconf 89' lang='lat' dir='ltr'><strong>undique</strong></span> <span class='ocrx_word' id='word_1_293' title='bbox 1006 3754 1190 3827; x_wconf 77' lang='lat' dir='ltr'><strong>complebam,</strong></span> <span class='ocrx_word' id='word_1_294' title='bbox 1214 3753 1255 3812; x_wconf 90' lang='lat' dir='ltr'><strong>ita</strong></span> <span class='ocrx_word' id='word_1_295' title='bbox 1273 3759 1307 3811; x_wconf 87' lang='lat' dir='ltr'><strong>ut</strong></span> 
     </span>
     <span class='ocr_line' id='line_1_33' title="bbox 131 3849 1304 3946; baseline -0.009 -18"><span class='ocrx_word' id='word_1_296' title='bbox 131 3867 294 3929; x_wconf 84' lang='lat' dir='ltr'><strong>bominibus</strong></span> <span class='ocrx_word' id='word_1_297' title='bbox 314 3868 345 3925; x_wconf 88' lang='lat' dir='ltr'><strong>in</strong></span> <span class='ocrx_word' id='word_1_298' title='bbox 364 3864 427 3924; x_wconf 85' lang='lat' dir='ltr'><strong>loro</strong></span> <span class='ocrx_word' id='word_1_299' title='bbox 448 3863 695 3946; x_wconf 83' lang='lat' dir='ltr'><strong>deambulantibus</strong></span> <span class='ocrx_word' id='word_1_300' title='bbox 711 3849 849 3936; x_wconf 85' lang='lat' dir='ltr'><strong>proximo.</strong></span> <span class='ocrx_word' id='word_1_301' title='bbox 860 3864 952 3920; x_wconf 84' lang='lat' dir='ltr'><strong>uisum</strong></span> <span class='ocrx_word' id='word_1_302' title='bbox 967 3861 1004 3920; x_wconf 88' lang='lat' dir='ltr'><strong>sit</strong></span> <span class='ocrx_word' id='word_1_303' title='bbox 1024 3862 1102 3918; x_wconf 89' lang='lat' dir='ltr'><strong>intus</strong></span> <span class='ocrx_word' id='word_1_304' title='bbox 1117 3849 1304 3932; x_wconf 61' lang='lat' dir='ltr'><strong>contumace,</strong></span> 
     </span>
     <span class='ocr_line' id='line_1_34' title="bbox 131 3957 1303 4047; baseline -0.009 -14"><span class='ocrx_word' id='word_1_305' title='bbox 131 3981 163 4034; x_wconf 88' lang='lat' dir='ltr'><strong>et</strong></span> <span class='ocrx_word' id='word_1_306' title='bbox 182 3976 279 4034; x_wconf 88' lang='lat' dir='ltr'><strong>nescio</strong></span> <span class='ocrx_word' id='word_1_307' title='bbox 299 3975 348 4047; x_wconf 88' lang='lat' dir='ltr'><strong>qui</strong></span> <span class='ocrx_word' id='word_1_308' title='bbox 367 3972 506 4045; x_wconf 84' lang='lat' dir='ltr'><strong>tumultus</strong></span> <span class='ocrx_word' id='word_1_309' title='bbox 525 3972 602 4028; x_wconf 86' lang='lat' dir='ltr'><strong>intra</strong></span> <span class='ocrx_word' id='word_1_310' title='bbox 621 3969 758 4043; x_wconf 90' lang='lat' dir='ltr'><strong>templum</strong></span> <span class='ocrx_word' id='word_1_311' title='bbox 778 3957 869 4027; x_wconf 81' lang='lat' dir='ltr'><strong>auditi</strong></span> <span class='ocrx_word' id='word_1_312' title='bbox 888 3969 953 4026; x_wconf 88' lang='lat' dir='ltr'><strong>sint.</strong></span> <span class='ocrx_word' id='word_1_313' title='bbox 993 3964 1082 4030; x_wconf 87' lang='lat' dir='ltr'><strong>Omen</strong></span> <span class='ocrx_word' id='word_1_314' title='bbox 1104 3964 1182 4024; x_wconf 80' lang='lat' dir='ltr'><strong>baud</strong></span> <span class='ocrx_word' id='word_1_315' title='bbox 1204 3963 1303 4035; x_wconf 88' lang='lat' dir='ltr'><strong>dubie;</strong></span> 
     </span>
     <span class='ocr_line' id='line_1_35' title="bbox 131 4069 1304 4163; baseline -0.009 -25"><span class='ocrx_word' id='word_1_316' title='bbox 131 4079 203 4153; x_wconf 88' lang='lat' dir='ltr'><strong>quid</strong></span> <span class='ocrx_word' id='word_1_317' title='bbox 221 4084 316 4138; x_wconf 87' lang='lat' dir='ltr'><strong>autem</strong></span> <span class='ocrx_word' id='word_1_318' title='bbox 335 4079 500 4152; x_wconf 86' lang='lat' dir='ltr'><strong>portendat,</strong></span> <span class='ocrx_word' id='word_1_319' title='bbox 525 4078 604 4137; x_wconf 83' lang='lat' dir='ltr'><strong>nouit</strong></span> <span class='ocrx_word' id='word_1_320' title='bbox 619 4075 757 4144; x_wconf 88' lang='lat' dir='ltr'><strong>dominus,</strong></span> <span class='ocrx_word' id='word_1_321' title='bbox 782 4073 831 4144; x_wconf 89' lang='lat' dir='ltr'><strong>qui</strong></span> <span class='ocrx_word' id='word_1_322' title='bbox 845 4071 989 4148; x_wconf 88' lang='lat' dir='ltr'><strong>propitius</strong></span> <span class='ocrx_word' id='word_1_323' title='bbox 1007 4075 1109 4129; x_wconf 87' lang='lat' dir='ltr'><strong>cuncta</strong></span> <span class='ocrx_word' id='word_1_324' title='bbox 1127 4069 1203 4129; x_wconf 86' lang='lat' dir='ltr'><strong>mala</strong></span> <span class='ocrx_word' id='word_1_325' title='bbox 1223 4073 1304 4163; x_wconf 52' lang='lat' dir='ltr'><strong>aver-J</strong></span> 
     </span>
     <span class='ocr_line' id='line_1_36' title="bbox 130 4167 1248 4250; baseline -0.013 -6"><span class='ocrx_word' id='word_1_326' title='bbox 130 4190 185 4244; x_wconf 81' lang='lat' dir='ltr'><strong>tut.</strong></span> <span class='ocrx_word' id='word_1_327' title='bbox 216 4185 321 4244; x_wconf 86' lang='lat' dir='ltr'><strong>Relatu</strong></span> <span class='ocrx_word' id='word_1_328' title='bbox 336 4183 457 4243; x_wconf 84' lang='lat' dir='ltr'><strong>Adriani</strong></span> <span class='ocrx_word' id='word_1_329' title='bbox 473 4183 627 4242; x_wconf 88' lang='lat' dir='ltr'><strong>aZertzen</strong></span> <span class='ocrx_word' id='word_1_330' title='bbox 643 4183 672 4239; x_wconf 89' lang='lat' dir='ltr'><strong>et</strong></span> <span class='ocrx_word' id='word_1_331' title='bbox 686 4177 893 4237; x_wconf 82' lang='lat' dir='ltr'><strong>Eicbstutensis</strong></span> <span class='ocrx_word' id='word_1_332' title='bbox 909 4175 1044 4250; x_wconf 85' lang='lat' dir='ltr'><strong>episcopi.</strong></span> <span class='ocrx_word' id='word_1_333' title='bbox 1245 4167 1248 4171; x_wconf 78' lang='grc'><strong>’</strong></span> 
     </span>
     <span class='ocr_line' id='line_1_37' title="bbox 169 4277 1347 4360; baseline -0.011 -11"><span class='ocrx_word' id='word_1_334' title='bbox 169 4290 173 4300; x_wconf 82' lang='grc'><strong>“</strong></span> <span class='ocrx_word' id='word_1_335' title='bbox 221 4288 352 4348; x_wconf 87' lang='lat' dir='ltr'><strong>Marchio</strong></span> <span class='ocrx_word' id='word_1_336' title='bbox 377 4277 484 4348; x_wconf 77' lang='lat' dir='ltr'><strong>elector</strong></span> <span class='ocrx_word' id='word_1_337' title='bbox 508 4284 785 4356; x_wconf 81' lang='lat' dir='ltr'><strong>brandenburgensis</strong></span> <span class='ocrx_word' id='word_1_338' title='bbox 805 4284 881 4356; x_wconf 87' lang='lat' dir='ltr'><strong>apud</strong></span> <span class='ocrx_word' id='word_1_339' title='bbox 902 4297 1056 4347; x_wconf 72' lang='lat' dir='ltr'><strong>cesaream</strong></span> <span class='ocrx_word' id='word_1_340' title='bbox 1076 4283 1253 4360; x_wconf 72' lang='lat' dir='ltr'><strong>mnjmtatsm</strong></span> <span class='ocrx_word' id='word_1_341' title='bbox 1275 4297 1307 4337; x_wconf 88' lang='lat' dir='ltr'><strong>se</strong></span> <span class='ocrx_word' id='word_1_342' title='bbox 1343 4293 1347 4298; x_wconf 89' lang='lat'>·</span> 
     </span>
     <span class='ocr_line' id='line_1_38' title="bbox 132 4367 1358 4476; baseline -0.006 -24"><span class='ocrx_word' id='word_1_343' title='bbox 132 4383 396 4476; x_wconf 51' lang='lat' dir='ltr'><strong>pro&#39;Waldecianis</strong></span> <span class='ocrx_word' id='word_1_344' title='bbox 411 4392 559 4456; x_wconf 75' lang='lat' dir='ltr'><strong>comitibus</strong></span> <span class='ocrx_word' id='word_1_345' title='bbox 574 4367 795 4450; x_wconf 85' lang='lat' dir='ltr'><strong>intercessurum</strong></span> <span class='ocrx_word' id='word_1_346' title='bbox 809 4389 955 4476; x_wconf 78' lang='lat' dir='ltr'><strong>pollicitus</strong></span> <span class='ocrx_word' id='word_1_347' title='bbox 968 4393 1019 4448; x_wconf 89' lang='lat' dir='ltr'><strong>est.</strong></span> <span class='ocrx_word' id='word_1_348' title='bbox 1063 4409 1065 4414; x_wconf 94' lang='lat'>·</span> <span class='ocrx_word' id='word_1_349' title='bbox 1158 4409 1161 4415; x_wconf 91' lang='lat'>·</span> <span class='ocrx_word' id='word_1_350' title='bbox 1356 4398 1358 4401; x_wconf 88' lang='grc'><strong><em>·</em></strong></span> 
     </span>
     <span class='ocr_line' id='line_1_39' title="bbox 222 4489 1303 4565; baseline -0.01 -5"><span class='ocrx_word' id='word_1_351' title='bbox 222 4498 368 4560; x_wconf 86' lang='lat' dir='ltr'><strong>Adrianus</strong></span> <span class='ocrx_word' id='word_1_352' title='bbox 389 4498 542 4558; x_wconf 82' lang='lat' dir='ltr'><strong>aZertzeu</strong></span> <span class='ocrx_word' id='word_1_353' title='bbox 563 4505 626 4556; x_wconf 82' lang='lat' dir='ltr'><strong>cum</strong></span> <span class='ocrx_word' id='word_1_354' title='bbox 647 4493 817 4555; x_wconf 80' lang='lat' dir='ltr'><strong>Colonienss</strong></span> <span class='ocrx_word' id='word_1_355' title='bbox 831 4492 937 4551; x_wconf 84' lang='lat' dir='ltr'><strong>Eubuli</strong></span> <span class='ocrx_word' id='word_1_356' title='bbox 959 4505 1028 4565; x_wconf 78' lang='lat' dir='ltr'><strong>ergo</strong></span> <span class='ocrx_word' id='word_1_357' title='bbox 1049 4492 1143 4563; x_wconf 76' lang='lat' dir='ltr'><strong>egisse</strong></span> <span class='ocrx_word' id='word_1_358' title='bbox 1161 4489 1303 4562; x_wconf 70' lang='lat' dir='ltr'><strong>granata-</strong></span> 
     </span>
    </p>
   </div>
   <div class='ocr_carea' id='block_1_5' title="bbox 0 0 1528 5104">
    <p class='ocr_par' dir='ltr' id='par_1_6' title="bbox 0 0 1528 5104">
     <span class='ocr_line' id='line_1_40' title="bbox 0 0 1528 5104; baseline 0 0"><span class='ocrx_word' id='word_1_359' title='bbox 0 0 1528 5104; x_wconf 95' lang='lat' dir='ltr'><strong> </strong></span> 
     </span>
    </p>
   </div>
  </div>
 </body>
</html>
