3046 5104
703 429 747 494 89

130 609 238 685 luerit,
250 610 372 685 nobiles,
387 609 546 691 nobilitatis
560 615 590 671 et
605 615 785 678 stemmatum
799 614 832 669 ut
845 611 986 670 rationem
1000 609 1134 686 babeant,
1151 611 1309 686 admoneri,

131 733 183 790 ne,
194 713 376 790 utmododt,
392 717 516 774 iromus
526 715 796 789 vitiumpraecipites
812 723 906 774 ruant.
930 716 993 775 Hoc
1002 717 1088 776 modo
1096 733 1179 790 posse
1189 718 1310 792 putabat

131 821 182 902 uel
197 823 430 880 concionatorem
450 821 496 879 vei
511 825 646 893 parentes
667 821 712 880 vel
727 820 963 895 patremfamilias
983 821 1090 894 alloqui
1106 837 1181 896 suos,
1197 825 1311 884 minime

132 941 207 985 vero
223 927 393 999 permissum
413 926 449 982 iri
465 925 588 999 aliquem
612 924 682 983 talia
704 925 739 984 de
755 941 786 984 se
809 926 872 997 ipso
895 925 1004 999 dicere,
1030 925 1138 985 addens
1160 929 1215 1000 bic,
1233 929 1310 999 quod

132 1025 266 1116 κάθαρος
281 1044 383 1102 graeca
400 1028 488 1088 latine
500 1029 633 1104 mundus,
649 1029 942 1104 cataros‘baereticos,
966 1031 1044 1104 quod
1066 1047 1097 1090 se
1111 1031 1232 1090 mundos
1247 1047 1310 1091 esse

133 1135 347 1208 gloriarentur,
367 1132 459 1193 dictos
475 1149 546 1192 esse.
586 1133 735 1193 Postremo
747 1135 833 1207 jussit
848 1133 941 1193 Deum
957 1151 1008 1194 nos
1024 1151 1122 1210 orare,
1146 1142 1178 1194 nt
1193 1135 1309 1196 verbum

134 1255 221 1298 suum
236 1238 320 1299 nobis
336 1237 442 1296 diutius
452 1239 564 1298 'audire
585 1243 615 1296 et
629 1239 779 1311 predicari
794 1239 962 1314 largiretur,
987 1257 1043 1312 quo
1065 1241 1095 1298 in
1110 1241 1180 1300 Jesu
1197 1241 1309 1300 Christo

134 1346 168 1403 in
182 1345 234 1402 viti
250 1345 300 1403 illa
314 1360 385 1403 vera
400 1343 530 1416 palmites
545 1340 675 1417 irugiieri
691 1342 833 1403 fieremus.

227 1448 370 1509 Melcbior
384 1465 403 1508 a
418 1449 546 1508 Horstall
562 1454 591 1508 et
607 1449 789 1508 Hermannus
805 1449 938 1509 Reidesel
955 1451 1035 1509 nobis
1051 1451 1127 1510 obvii
1143 1432 1222 1510 liunt.
1252 1452 1310 1510 Sub

134 1553 261 1629 prandio
276 1553 440 1628 Wulphilas
456 1553 649 1613 Brabantiuus
665 1571 683 1612 a
697 1569 820 1614 noverca
840 1556 878 1616 ad
898 1553 1002 1615 iratres
1017 1561 1131 1614 nostros
1146 1557 1244 1616 literas
1260 1557 1309 1616 de·

134 1660 234 1718 ferens
261 1659 354 1732 uenit,
381 1659 501 1718 salutem
521 1674 642 1731 quoque·
658 1660 808 1718 uxorculae
827 1661 941 1742 nomine
963 1659 1068 1720 dicens.
1107 1660 1218 1722 Detulit
1242 1667 1271 1724 ct
1291 1679 1310 1721 a

136 1763 370 1824 Scbonstadio'et
380 1765 547 1822 Hermanno
561 1763 657 1821 Neiiic
672 1780 744 1827 uuas
760 1763 840 1822 nobis
855 1765 963 1836 literas,
980 1763 1056 1822 facta
1071 1765 1309 1824 abbatisBreide-

135 1867 280 1940 lariensis,
293 1866 472 1928 ricchimiri
485 1868 780 1928 etVolkmariensium
788 1869 1041 1929 etccontinentes.
1057 1870 1076 1927 J
1077 1885 1197 1928 oannem
1206 1870 1309 1928 Milcb-

135 1974 245 2048 lingum
259 1973 458 2032 adErnestum
469 1973 568 2032 ducem
581 1975 758 2047 miseramus,
774 1972 825 2031 scd
835 1987 887 2030 aec
897 1972 980 2032 modo
996 1975 1148 2032 convenire
1159 1989 1222 2032 cum
1238 1980 1308 2033 erat.

227 2077 389 2136 Eudemia
416 2078 522 2152 templo
546 2078 677 2136 Mauritii
706 2081 768 2137 loco
798 2079 1026 2154 vespertinarum
1050 2095 1166 2151 precum
1191 2079 1310 2138 ecclesia

135 2183 278 2258 psalmum
294 2183 419 2256 aliquem
434 2183 544 2242 cecinit.
583 2183 695 2242 Deinde
715 2185 805 2243 lector
819 2163 911 2257 'caput
928 2187 956 2242 2.
982 2184 1110 2258 epistolae
1131 2184 1168 2243 ad
1192 2183 1313 2242 Galatas*

136 2289 218 2361 legit.
252 2288 363 2346 Rmsus
379 2287 500 2346 ecclesia
515 2293 602 2348 cantu
617 2305 640 2346 s.
657 2290 788 2362 spiritum
803 2289 968 2361 invocabat,
990 2294 1019 2346 et
1034 2286 1103 2348 mox'
1115 2288 1244 2347 dominus
1259 2289 1309 2347 Jo-

136 2407 229 2450 annes
244 2391 387 2450 Henricue
408 2407 444 2450 ex
464 2408 526 2466 cap.
547 2396 585 2451 12
612 2394 740 2467 epistola
756 2394 784 2452 d.
801 2394 883 2453 Pauli
903 2395 942 2453 ad
962 2393 1106 2453 Romanos
1130 2395 1190 2452 iaaac
1205 2394 1309 2454 verba:

139 2495 295 2557 «Gaudete
318 2511 382 2556 cum
397 2497 590 2572 gaudentibus
607 2503 636 2557 et
650 2496 717 2557 flete
732 2509 795 2558 curn
810 2497 958 2574 flentibus,
983 2499 1084 2559 eodem
1098 2500 1193 2558 animo
1208 2499 1258 2557 alii
1280 2499 1310 2556 in

136 2604 210 2662 alios
229 2601 342 2676 affecti,
381 2617 440 2664 non
462 2607 633 2676 arroganter
656 2603 692 2661 de
707 2603 787 2662 vobis
802 2605 871 2678 ipsis
887 2605 1055 2677 sentientes,
1086 2603 1137 2663 sed
1158 2604 1310 2662 humilibus

136 2723 189 2766 vos
203 2706 467 2768 accommodantes·
484 2708 529 2766 Ne
544 2709 606 2766 sitis
625 2713 795 2781 arrogantes
813 2709 890 2782 apud
901 2715 1014 2768 uosmet
1033 2710 1119 2782 ipsos,
1145 2723 1238 2786 neque
1252 2708 1310 2766 cui-

138 2829 226 2886 quam
239 2801 346 2871 malum
362 2830 416 2887 pro
430 2814 506 2872 malo
515 2812 673 2887 reddatis»
685 2817 818 2887 exposuit
832 2815 948 2890 populo,
964 2813 1092 2873 indicans
1108 2829 1193 2886 quam
1207 2813 1310 2871 noxius

127 2920 175 2978 ¹sit
190 2917 355 2978 ambitionis
370 2917 496 2991 morbus,
521 2918 598 2991 quod
614 2923 643 2977 et
657 2920 749 2992 ipsum
764 2921 970 2992 scripturarum
993 2921 1155 2977 testimonio
1171 2925 1200 2977 et
1214 2934 1308 2977 exem-

137 3025 193 3098 plis
202 3021 283 3082 adeo
299 3011 570 3098 perspicuedo'cuit,
595 3029 628 3081 ut
642 3023 687 3081 vel
702 3023 832 3082 manibus
848 3023 967 3098 palpare
982 3039 1090 3097 posses,
1108 3040 1192 3095 quam
1209 3025 1310 3082 animis
1374 3095 1375 3099 Ἰ

137 3131 266 3190 omnium
291 3144 327 3187 ex
350 3133 487 3203 corrupta
506 3134 612 3193 natura
631 3129 655 3185 is
678 3128 794 3186 morbus
808 3129 926 3188 baereat.
965 3129 1003 3186 Et
1018 3129 1058 3185 sic
1073 3129 1186 3202 singula
1200 3129 1230 3186 in
1245 3144 1310 3188 suas

136 3237 245 3294 classes
270 3213 429 3292 christiana
450 3233 600 3306 diligentia
621 3232 753 3311 digessit,
773 3234 878 3306 jubeas
900 3239 933 3292 ut
955 3234 1125 3293 dominicum
1148 3233 1236 3307 illum,
1261 3235 1310 3306 qui

137 3341 232 3400 nostri
247 3355 334 3398 musa
349 3338 456 3398 nullam
471 3353 529 3396 nou
542 3337 677 3410 injuriam
692 3352 845 3411 perpessus
861 3345 914 3413 est,
929 3340 1121 3427 imploremus,
1138 3356 1195 3414 quo
1209 3353 1310 3398 conce-

137 3445 191 3504 dat
214 3445 296 3504 nobis
316 3444 440 3504 animum
460 3443 582 3500 inimicis
605 3442 822 3504 benevolentem
842 3449 872 3502 et
898 3445 1028 3518 spiritum
1051 3447 1089 3505 ad
1108 3449 1200 3506 instar
1221 3446 1310 3519 ipsius

136 3550 260 3624 domiui,
282 3529 472 3624 posteaquam
491 3547 566 3607 idem
590 3548 721 3610 dominus
741 3565 793 3608 nos
813 3549 935 3622 bundles
954 3552 1057 3624 spiritu
1073 3567 1135 3610 esse
1151 3530 1319 3628 apertat

137 3655 273 3716 Adduxit
291 3661 320 3714 et
334 3655 427 3714 locum
443 3654 531 3714 Pauli·
541 3669 578 3722 ex
593 3653 823 3728 Philippensibus
839 3659 857 3713 2
874 3671 935 3730 cap.
951 3655 1027 3714 hunc
1041 3657 1162 3714 scilicet:
1189 3655 1311 3728 «Siqua

136 3762 228 3836 igitur
237 3761 394 3820 consolatio
404 3761 434 3818 iu
448 3757 572 3832 Christo,
588 3760 613 3818 si
623 3759 700 3833 quod
710 3760 842 3819 solatium
858 3759 1025 3838 dilectionis,
1042 3761 1066 3818 si
1077 3775 1141 3832 quaa
1151 3761 1311 3837 communio

137 3842 278 3940 spiritus,
293 3867 318 3924 si
333 3881 395 3938 qua
405 3865 516 3926 viscera
531 3869 561 3922 et
574 3865 773 3942 miserationes
795 3865 934 3938 complete
948 3879 1043 3922 meum
1058 3864 1200 3938 gaudium,
1225 3869 1258 3922 ut
1272 3865 1310 3922 si·

137 3971 245 4032 militer
260 3969 354 4030 affecti
365 3970 573 4044 sitiaeaadem
583 3969 752 4027 charitatem
765 3970 912 4042 habentes,
926 3969 1083 4042 unanimes,
1092 3969 1169 4028 idem
1185 3971 1309 4029 sentien-

137 4082 204 4144 tes»¹
219 4075 297 4153 (vide
312 4076 500 4148 bunscaput
511 4078 529 4132 2
539 4089 584 4147 ep.
601 4073 638 4132 ad
645 4068 804 4162 Philippi}
810 4075 881 4133 Post
895 4075 1059 4133 concionem
1073 4073 1187 4133 domino
1201 4071 1311 4149 gratias

137 4182 199 4255 egit
216 4180 336 4240 ecclesia
348 4179 382 4238 dc
393 4181 435 4238 sic
446 4195 509 4238 cum
524 4179 764 4239 benedictionem
776 4194 848 4253 pace
863 4179 900 4254 ab
910 4179 1074 4238 ecclesiaste
1085 4180 1193 4239 dimissi
1203 4195 1309 4239 sumus.

190 4337 204 4348 a
228 4284 339 4344 Eadem
354 4275 523 4344 wilhelmus
539 4300 632 4344 comes
652 4284 804 4342 aNassau
823 4285 962 4356 majorem
982 4285 1136 4344 electorum
1157 4289 1186 4344 et
1204 4287 1309 4358 princi·

138 4407 209 4468 pum
224 4393 337 4464 partem
349 4389 484 4462 ¹conuitio
500 4392 620 4464 excepit.

121 4565 136 4575 g
173 4495 372 4580 ...Magistro
401 4489 518 4554 Libori'o
546 4473 703 4568 injunctum
724 4500 781 4568 est,
810 4501 843 4553 ut
869 4494 965 4553 comiti
995 4493 1154 4554 allassau
1176 4487 1311 4568 injuriam
