3046 5104
762 331 808 398 98

193 492 368 588 1111111111
383 529 502 574 munere
515 513 713 589 iurisperitum
728 513 782 573 sibi
797 517 890 573 totum
902 513 1072 588 devinxisse,
1089 527 1124 571 ao
1139 510 1241 572 deinde
1257 527 1322 572 oum
1336 527 1371 571 re

193 619 258 693 ipsu
273 635 324 678 suo
339 619 414 680 mulo
438 619 634 694 experiretur,
650 618 827 685 ,eundem‘et
849 617 888 678 ab
909 617 1074 678 aduersario
1095 633 1147 703 suo
1168 596 1372 701 in'oousilium

194 721 353 784 adhibitum
369 739 440 800 esse,
465 725 648 798 expostulans
663 739 726 781 oum
738 723 907 798 jurisperito
923 724 978 783 ait:
1002 723 1069 782 Non
1089 723 1171 796 potui
1181 723 1216 782 ‘in
1230 713 1286 782 han
1300 738 1369 781 ouu-

194 845 227 888 sa
241 846 335 889 meum
357 830 458 890 bovem
477 831 650 904 mugientem
665 829 776 888 audire.
816 828 894 887 Vera
908 827 988 902 diois,
1011 827 1161 902 respondit
1171 827 1369 902 jurisperitus,

194 949 261 993 nam
275 939 361 1008 eaput
374 935 500 995 habebat
514 936 612 994 tunica
626 933 788 994 holoserica
803 947 839 990 ex
853 933 987 992 martium
1002 931 1124 1006 pellibus
1140 931 1264 992 obducta
1279 931 1369 992 obvo-

193 1037 298 1113 lutum,
320 1039 449 1100 indicans
468 1041 559 1114 magis
581 1040 674 1112 ipsum
694 1038 731 1098 ad
750 1037 963 1112 preciositatem
984 1038 1085 1112 uestis,
1110 1054 1195 1111 quem
1210 1037 1249 1098 ad
1263 1039 1373 1112 prioris

194 1157 297 1202 munus
312 1149 362 1204 aut
373 1145 421 1218 jus
438 1145 562 1228 animum
577 1145 708 1204 vertisse.

283 1247 395 1306 Eadem
418 1264 436 1306 a
459 1249 630 1308 consiliariis
653 1245 848 1322 imperialibus
871 1244 961 1306 iacta*
974 1252 1019 1306 est
1040 1249 1150 1306 mentio
1169 1243 1306 1307 Wulffilae
1332 1263 1370 1306 ex

181 1353 272 1411 'omni
287 1350 489 1427 parteWulffii
505 1353 574 1427 quid
589 1351 879 1414 noresoulentorum.
888 1353 982 1426 gratia
995 1353 1129 1411 lurcones
1144 1366 1203 1410 non
1218 1333 1316 1426 agunt,
1332 1367 1369 1412 ex

194 1456 250 1515 hoo
262 1458 370 1532 patuit,
396 1457 475 1530 quod
497 1473 583 1531 capos
606 1463 636 1516 et
657 1455 788 1544 perdices
809 1473 825 1516 o
846 1457 1003 1516 Mechlinia
1023 1456 1191 1516 Brabantiae
1207 1454 1370 1528 Augustam

195 1565 350 1634 opportere
364 1567 511 1622 curarunt.
550 1561 655 1622 Florus
678 1561 716 1622 ad
738 1563 815 1622 huno
834 1578 926 1638 usque
947 1562 1022 1623 diem
1036 1561 1198 1622 miserrime
1213 1563 1243 1618 11
1259 1561 1369 1621 calculo

197 1671 227 1726 et
241 1667 386 1727 ilienteria
399 1666 522 1726 laborat.

282 1771 392 1832 Eadem
407 1770 528 1835 Carolus
541 1773 700 1835 aStookem
715 1780 744 1834 et
759 1789 812 1848 ego
829 1773 976 1832 doctorem
990 1771 1199 1846 Marpuurdum
1213 1771 1365 1846 adivimus,

196 1877 277 1952 eujus
292 1878 441 1938 eonsilium
456 1879 571 1964 eretad
586 1879 646 1938 dies
662 1880 771 1952 aliquot
785 1869 895 1937 moram
910 1882 1034 1965 nectere,
1058 1873 1298 1960 deindelliberius
1307 1891 1370 1954 vpro

195 1981 359 2060 dimissione
372 1983 490 2060 instare.
522 1983 606 2056 Quod
627 1988 722 2043 autem
737 1983 773 2042 de
787 1981 951 2042 dimissione
971 1982 1048 2056 apud
1062 1981 1271 2055 Marquardum
1285 1995 1367 2038 men-

77 2163 80 2173 ,
195 2088 303 2146 tionem
317 2086 485 2163 feceramus,
494 2069 562 2147 ‘hec
578 2105 665 2147 oausu
680 2087 805 2162 suberat,
830 2069 909 2160 quod
923 2085 1005 2148 nobis
1021 2100 1190 2160 persuasum
1205 2089 1279 2159 erat,
1294 2100 1368 2143 non-

196 2193 280 2251 nullis
296 2193 345 2265 qui
360 2211 419 2252 una
433 2193 581 2274 nobiscum
595 2192 755 2266 Augustam
769 2194 851 2252 oitati
865 2189 993 2267 fueraut,
1014 2191 1128 2254 domum
1141 2190 1291 2251 remeandi
1305 2205 1368 2248 oer-

196 2301 257 2354 1111
272 2297 408 2370 temporis
423 2297 547 2370 spatium
563 2297 675 2372 datum,
700 2297 777 2371 quod
799 2299 892 2373 ipsum
906 2303 1003 2358 tamen
1017 2303 1119 2372 postea
1133 2313 1192 2360 uun
1205 2293 1269 2358 veri
1283 2295 1369 2356 dissi-

197 2401 263 2460 mile
279 2398 368 2460 luisse
383 2407 558 2474 compertum
575 2407 627 2461 est.

286 2501 507 2565 Atrebatensem
527 2506 644 2566 allocuti
666 2523 778 2583 samua,
800 2511 849 2582 qui
870 2524 924 2584 pro
946 2523 1026 2568 more
1047 2523 1099 2568 suo
1114 2505 1273 2581 respondit,
1297 2503 1371 2563 nihil

198 2609 293 2670 adhue
308 2609 415 2670 Oaesari
430 2627 518 2686 super
532 2617 631 2672 nostro
647 2615 763 2686 negotio
777 2615 899 2672 relatum
913 2625 992 2685 esse,
1016 2627 1070 2671 neo
1083 2612 1163 2670 illum
1177 2611 1284 2684 latere,
1301 2624 1370 2667 oau-

198 2732 259 2775 sam
273 2715 401 2790 Philippi
421 2717 533 2776 comitis
548 2728 566 2774 a
580 2697 695 2776 Nossau
716 2722 746 2777 et
766 2710 895 2778 nostram
916 2716 978 2777 iere
992 2716 1114 2776 eandem
1128 2729 1200 2774 esse.
1239 2713 1371 2788 Rogatus

197 2821 285 2894 igitur
293 2818 441 2899 (quoniam
452 2821 490 2881 ad
504 2822 685 2895 imperatoris
699 2823 836 2896 palatium
852 2792 1019 2882 assensurus
1032 2823 1093 2896 J'am
1107 2820 1189 2880 nobis
1199 2815 1371 2892 videretur),

198 2927 291 2985 nostri
309 2926 482 2986 mentionem
503 2926 611 3001 babere
630 2927 726 2988 vellet.
764 2925 939 3002 Respondit:
962 2925 1097 2986 Proiecto
1116 2929 1242 3004 totsuut
1255 2923 1372 2998 publica

199 3017 323 3107 negotia,
337 3037 371 3105 nt
384 3025 522 3092 haetenus
538 3033 574 3092 de
589 3033 709 3108 privatis
724 3031 772 3108 agi
787 3033 858 3090 nihil
869 3032 1007 3109 potuerit,
1024 3035 1053 3090 et
1067 3031 1145 3102 intra
1160 3029 1232 3089 duos
1248 3024 1310 3088 dies
1334 3026 1373 3086 ad

198 3138 401 3212 imperatorem
416 3153 549 3197 eooessus
563 3137 633 3196 mihi
648 3155 705 3205 nou
721 3136 903 3198 concedetur.
942 3135 1000 3195 Sed
1014 3142 1111 3196 tamen
1125 3133 1244 3206 iaoiam,
1268 3131 1372 3193 iaoiam

198 3242 358 3315 imperator
374 3241 410 3301 de
424 3242 469 3300 his
483 3240 664 3301 informetur.
689 3240 809 3302 Carolus
824 3241 913 3315 igitur
927 3247 957 3301 et
967 3240 1099 3300 Eubulus
1114 3240 1241 3316 priorem
1255 3238 1371 3313 petitio·

199 3361 264 3425 nem
278 3350 428 3420 repetunt,
452 3361 516 3404 oum
530 3345 754 3422 significatione,
780 3347 858 3420 quod
880 3347 1005 3407 maximo
1019 3347 1146 3420 regionis
1162 3351 1191 3404 et
1205 3359 1304 3404 rerum
1319 3359 1371 3401 no·

198 3453 323 3508 stratum
339 3448 489 3524 dispendio
503 3451 568 3510 istie
581 3457 694 3527 tempus
704 3429 872 3512 tereremus.
897 3451 1087 3525 Quamobrem
1102 3449 1130 3510 d.
1147 3465 1207 3510 suae
1222 3447 1373 3508 eonsilium

199 3571 382 3630 rogaremus,
422 3573 491 3615 num
512 3557 569 3630 ipsi
592 3557 752 3616 consultum
777 3556 926 3616 videretur
950 3573 1113 3617 aoaesarea
1136 3555 1286 3627 majestate
1309 3567 1373 3610 oum

199 3663 293 3738 gratia
318 3661 511 3721 diutissionem
534 3663 673 3722 mensium
699 3662 808 3736 aliquot
830 3661 1120 3735 petere-reversuri
1139 3665 1173 3719 ut
1196 3659 1320 3734 primum
1342 3655 1373 3716 id

197 3768 271 3839 jussi
285 3765 437 3842 fuerimus,
454 3753 699 3830 attrebatensis
715 3767 768 3826 ait:
794 3764 884 3851 Certe
894 3765 991 3824 011111
1004 3766 1060 3825 hoo
1074 3780 1132 3825 uon
1146 3764 1282 3839 patietur.

289 3857 409 3933 Fratres
418 3853 510 3933 nostri
519 3875 634 3952 iuterim
643 3873 870 3933 Maximilianum
882 3870 983 3930 ducem
993 3871 1102 3945 adiere,
1114 3871 1163 3943 qui
1172 3885 1227 3944 pro
1241 3867 1370 3928 humeni-

200 3971 261 4036 tate
277 3991 330 4036 sua
352 3994 402 4037 eos
422 3977 542 4038 audiens
564 3979 720 4044 elementer
735 3977 831 4038 omnia
846 3977 994 4050 promisit,
1020 3971 1171 4049 forte'l'iti
1191 3967 1373 4047 imperatoris

201 4081 322 4157 dictum,
350 4083 492 4144 neminem
516 4087 650 4157 oportere
670 4100 689 4143 a
711 4079 784 4168 laoie
803 4081 941 4158 principis
961 4082 1074 4141 tristem
1096 4080 1186 4155 abire,
1208 4083 1305 4138 mente
1327 4092 1372 4136 re·

201 4187 308 4246 culeus.
1155 4270 1157 4272 Ι

285 4293 422 4353 'Eubulus
437 4291 514 4352 edes
529 4291 642 4354 Nicolai
656 4293 751 4377 Maior
764 4292 851 4366 petit,
875 4290 936 4364 eius
956 4289 1104 4349 consilium
1119 4288 1278 4349 auditurus.
1316 4285 1372 4366 lo·

202 4399 302 4460 luisset
317 4399 433 4473 quidem
447 4399 494 4457 hio
509 4400 605 4458 omnia
623 4390 705 4460 uobis'
725 4414 761 4456 111
776 4397 849 4456 rotis
871 4391 988 4468 oedere3
1012 4395 1063 4454 sed
1078 4397 1128 4468 qui
1142 4393 1243 4470 lupum
1257 4391 1373 4482 auribus
1401 4443 1404 4448 ,
