3020 5112
685 434 747 499 185

119 619 159 678 Iu
173 617 280 678 litteris
295 616 474 676 induciarum
496 615 643 690 quibusvis
661 614 736 674 liber
756 631 887 675 necessus
907 631 943 676 ex
958 615 1133 678 Ferdiuaudi
1152 619 1249 694 regnis
1265 619 1295 678 in

121 724 286 782 Turcarnm
301 722 421 796 imperio
437 722 666 796 negociatiounm
686 721 732 780 ιιι
755 721 877 780 aliarum
891 735 989 780 rerum
1004 737 1072 796 ergo
1087 701 1252 784 conceditur
1266 729 1297 783 ιι

121 845 140 888 e
155 838 274 902 centra,
299 826 425 900 exceptis
439 831 535 886 tumen
549 825 695 900 gentibus,
717 840 788 898 quas
803 825 999 900 Heydelosen,
1025 827 1214 902 Martolosen,
1228 829 1294 888 Vis·

122 933 226 992 kuken
240 934 397 992 nominant.
431 932 582 992 Provisum
591 933 643 990 'est
657 936 686 990 ιι
700 931 730 988 in
744 929 788 988 his
802 930 916 1004 litteris,
931 937 964 990 ut
977 930 1148 1004 Rixaspides
1163 933 1200 992 ab
1214 937 1294 992 utra·

125 1053 183 1110 que
198 1041 284 1110 parte
300 1035 421 1096 dominis
436 1037 628 1096 remittantur.
652 1034 844 1108 Heydelosen,
860 1034 1047 1110 Mantolosen,
1064 1035 1211 1096 Visknhen
1225 1052 1294 1112 gen-

122 1147 167 1200 tas
183 1139 304 1200 suntad
322 1142 459 1200 terminos
479 1139 694 1200 Pannoniarum
715 1139 991 1213 Constantinopolim
1012 1157 1127 1215 versus,
1148 1140 1295 1201 homiuum

122 1261 225 1320 genus·
237 1245 299 1304 iere
323 1245 462 1318 sylvestre
482 1245 573 1304 instar
593 1244 631 1322 (si
651 1244 756 1304 iabulis
776 1242 847 1303 fides
866 1242 1010 1319 habenda)
1031 1247 1136 1318 satyris
1157 1261 1295 1306 cavemus

121 1355 273 1423 petrarum
290 1354 320 1408 et
333 1349 457 1423 abrupta
466 1349 604 1408 montium
613 1349 814 1422 inhabitantes,
832 1365 867 1407 ex
882 1350 982 1422 prsedn
997 1355 1026 1408 ιι
1040 1350 1082 1408 ιιι
1069 1351 1198 1410 trociniis
1213 1353 1295 1411 ιιιιι·

121 1459 227 1528 tantas,
245 1455 295 1526 qui
318 1452 527 1513 Christianos
518 1471 549 1512 ιιι
564 1455 696 1513 Turciam
718 1451 931 1527 proficiscentes
947 1453 992 1512 ιιι
1007 1469 1025 1512 ι
1040 1455 1236 1528 negociatione
1249 1473 1295 1518 re·

123 1535 246 1616 deantes
266 1558 332 1618 dolo
353 1558 562 1632 aggrediuntur
582 1573 622 1618 ac
636 1557 715 1618 furto
738 1559 898 1632 abducunt,
924 1573 973 1618 ecs
997 1559 1042 1620 ιιι
1056 1558 1224 1634 pendentes,
1247 1562 1295 1622 ιιι

121 1660 308 1722 immunera
329 1663 508 1722 mulctantes.
546 1662 688 1722 Dicuntur
711 1647 805 1722 autem
827 1679 889 1722 esse
910 1662 1063 1722 homines'
1054 1681 1192 1739 mennas,
1216 1665 1295 1741 apud

122 1781 195 1839 quos
220 1767 315 1825 nullus
335 1782 480 1826 armorum
498 1785 567 1826 usus
588 1769 642 1839 sit,
662 1772 767 1839 prater
787 1763 877 1825 histes
892 1766 1002 1840 ligneos
1017 1768 1063 1827 ιιι
1076 1770 1202 1842 perticas
1216 1787 1292 1843 pra·

122 1872 302 1930 acuminatas
318 1872 419 1946 Turpis
435 1887 516 1946 reque
531 1889 566 1932 ac
582 1871 752 1930 uurntnuis
767 1869 852 1938 invisi
867 1876 921 1930 ιιι.

213 1976 374 2052 Tribunum,
391 1977 469 2050 quod
484 1976 698 2037 aFerdinondo
709 1975 867 2040 Turcsrum
882 1975 1049 2049 imperatori
1064 1975 1159 2050 datur,
1175 1974 1213 2034 ad
1227 1988 1294 2049 por·

123 2087 184 2140 tam
200 2086 331 2140 sanctam
345 2097 398 2154 per
413 2082 559 2141 ministros
574 2083 669 2155 regios
685 2081 838 2152 quotannis
853 2063 986 2138 mittitur.

214 2185 374 2246 Turesrum
389 2187 546 2260 imperator
560 2187 591 2244 in
605 2184 797 2244 contractibus
812 2186 867 2243 hoc
882 2183 1029 2242 exordium
1044 2189 1155 2245 serrat:
1178 2184 1293 2246 Auxilio

121 2288 169 2348 dei
184 2292 387 2366 omnipotentis
403 2297 432 2350 et
446 2291 569 2364 apostoli
585 2291 678 2350 nostri
693 2291 785 2350 sancti
799 2288 956 2348 Mahomet.
1080 2353 1084 2360 ,

212 2393 361 2456 Undcoim
378 2395 533 2460 ducatuum
552 2395 729 2454 baronestet
750 2394 860 2454 nobiles
880 2392 1009 2468 ungarici
1024 2393 1193 2452 Turcarum
1202 2394 1293 2469 impe·

121 2499 214 2558 ratori
229 2500 338 2570 tributa
352 2501 479 2574 pendere
494 2501 622 2575 stipulati
638 2505 747 2560 ιιιιιι.Ι
1047 2501 1049 2506 ’

212 2604 334 2680 Ζιιιιιιι
340 2605 564 2680 ,Bogeboiarii,
582 2606 744 2679 Zanzegen,
761 2605 901 2678 Zeugma,
918 2601 1013 2666 Glissa
1027 2543 1208 2677 receptacula
1222 2603 1293 2662 Hai-

125 2707 303 2770 dochiorum.

152 2833 162 2864 ι
212 2813 336 2889 Datum,
358 2820 391 2873 nt
410 2820 530 2888 vocant,
555 2815 715 2874 litterarum
736 2813 915 2872 induciarum
933 2812 975 2870 sic
993 2811 1093 2872 habet:
1125 2810 1209 2871 Anno
1231 2812 1293 2871 nati

121 2920 248 2990 apostoli
279 2919 372 2978 nostri
398 2921 614 2993 nongentesimo
643 2919 877 2994 qrrinquagesimo
905 2933 995 2990 nono,
1025 2917 1125 2976 ultima
1146 2917 1291 2990 Octobris3

123 3023 194 3084 anni
209 3039 279 3084 vero
294 3023 475 3084 induciarum
486 3025 548 3099 jam
561 3031 621 3084 tres
636 3023 811 3098 preteriere.
869 3005 871 3012 ’

213 3127 358 3202 Liberius,
371 3133 404 3186 ut
412 3129 474 3203 ipse
485 3131 590 3204 ajebat,
601 3126 953 3200 antemeridiemlliglium
965 3113 1117 3185 conuenire
1124 3140 1183 3182 uon
1188 3125 1291 3197 potuit.

209 3232 320 3291 Eadem
336 3234 481 3292 hortulum
503 3235 604 3292 animm
620 3252 638 3293 a
654 3233 779 3307 Georgio
794 3233 919 3307 quodam
931 3232 1163 3305 Norinhergense
1177 3230 1214 3289 ab
1228 3229 1292 3302 ipso

120 3334 236 3396 filiabus
251 3338 311 3396 suis
327 3339 492 3410 inscriptam
512 3344 542 3397 et
562 3325 785 3398 consolationem
806 3335 1035 3397 christifidelium
1048 3337 1079 3394 in
1093 3335 1293 3409 persecutione

120 3458 175 3516 per
193 3443 361 3518 magistrum
382 3443 431 3501 vit
418 3447 478 3500 tum
501 3441 683 3503 Theodorum
710 3445 900 3540 conscriptam
927 3459 981 3518 pro
1001 3441 1117 3502 domina
1136 3456 1221 3500 socru
1241 3453 1293 3498 sex

120 3547 213 3606 batzis
227 3547 401 3620 comparari.
787 3583 790 3592 ι

166 3650 320 3710 Eadem
343 3651 409 3712 dum
431 3649 469 3708 ab
488 3651 612 3724 hospitio
632 3651 777 3710 Wilhelmi
797 3653 908 3712 comitis
930 3656 1010 3710 reeta
1038 3667 1092 3724 per
1119 3637 1292 3709 dominicum

121 3758 305 3814 transeuntes
324 3753 478 3827 hospitium
497 3762 627 3828 nochum
649 3757 786 3830 petimus,
808 3754 929 3813 vidimus
951 3759 1018 3814 aute
1043 3769 1124 3812 casas
1144 3750 1292 3825 cujusdam

121 3857 285 3933 bibliopola
306 3860 479 3933 ingratiam
500 3862 676 3933 papistarum
695 3861 848 3932 imaginem
871 3859 1053 3938 imperatoris
1074 3858 1181 3917 ιιιιιιιι·
1193 3856 1232 3917 ad
1250 3857 1292 3915 ιι-

18 4041 23 4050 ,
124 3979 191 4024 rum
206 3963 349 4037 depictam
364 3980 422 4022 uno
436 3980 500 4023 cum
515 3965 615 4024 charta
630 3964 762 4036 quodam,
779 3965 809 4021 in
825 3977 882 4035 qua
897 3968 927 4020 et
945 3961 1054 4036 effigias
1070 3963 1170 4037 optimi
1184 3962 1289 4041 princi·

121 4069 165 4140 pis
185 4067 307 4128 Joannis
328 4069 470 4128 Friderici
491 4067 571 4128 ducis
592 4068 722 4128 Saxonis
743 4073 800 4148 etc.
824 4065 960 4126 electoris
988 4067 1126 4127 deliniata
1149 4071 1225 4140 erat,
1249 4067 1292 4129 ite

120 4178 262 4246 prostare,
278 4178 311 4232 ut
325 4179 448 4247 uterque
463 4173 598 4246 alterum,
624 4175 656 4230 ut
670 4173 711 4231 ita
725 4173 837 4246 loquar,
853 4172 1022 4236 intueretur.
1059 4170 1182 4232 Volebat
1195 4175 1292 4232 autem

121 4269 278 4351 bibliopola
292 4277 347 4338 hac
361 4278 474 4352 pictura
488 4276 648 4350 ostendere,
663 4277 716 4337 hos
730 4275 801 4336 duos
817 4281 846 4336 ιι
859 4277 986 4349 eiusdem
1000 4293 1074 4336 cerae
1083 4277 1212 4336 homines
1228 4292 1291 4335 esse
1392 4315 1411 4330 .

121 4386 152 4440 ιι
165 4382 330 4442 christianae
352 4383 517 4456 reipublice
539 4381 733 4443 atrocissimos
752 4379 859 4440 hostes.
891 4383 997 4470 Verum
1011 4399 1048 4441 ne
1062 4387 1200 4456 perpetue
1215 4381 1290 4454 opti-

121 4502 183 4546 mus
198 4488 330 4564 princeps
346 4487 537 4566 derideretur,
553 4505 606 4563 pro
622 4504 672 4548 sex
686 4487 944 4561 batzisutramque
958 4487 1099 4562 picturam
1114 4487 1178 4547 emi.
