3054 5110
744 459 784 524 el

171 645 203 702 ιι
217 639 411 718 landtgrerii,
425 647 455 702 et
468 657 507 702 an
521 642 683 706 consultum
700 640 791 718 loret,
814 641 900 730 hujus
915 639 959 702 ιιι
977 643 1151 704 mentionem
1165 646 1244 722 apud
1257 651 1350 710 conei-

172 747 273 808 liarlos
288 743 399 822 iacere,
420 749 488 823 egit.
527 747 609 808 Dixit
620 747 830 822 Marquardns,
852 747 977 808 nondum
992 763 1055 809 esea
1069 751 1155 824 hujus
1169 753 1213 812 rei
1228 757 1350 830 tempus,

173 858 288 912 nostros
304 861 419 926 quoquc
434 852 616 915 archiducem
635 853 690 914 hoc
709 852 755 912 dia
774 853 927 912 convenire
946 834 1004 913 non
1019 869 1117 929 posse,
1142 871 1176 915 eo
1191 859 1269 930 qnod
1288 859 1352 920 beri

173 957 323 1031 sanguinis
338 957 554 1019 diminutionem
568 956 682 1032 fecerit,
700 957 817 1032 detegit.

264 1062 379 1123 Nothus
395 1081 413 1124 a
428 1065 561 1140 Zertzen,
586 1065 636 1138 qui
653 1064 756 1123 missus
776 1061 873 1124 inerat
891 1065 929 1125 ad
944 1065 1090 1126 Stacnlnm
1105 1048 1141 1126 ιι
1156 1064 1272 1142 Sleben,
1296 1068 1351 1128 hoc

173 1171 308 1244 responsi
322 1170 435 1246 retulit,
460 1170 611 1230 electorem
625 1170 729 1244 legisse
744 1169 855 1229 litteras
870 1175 900 1230 et
912 1177 1044 1245 paratum
1060 1172 1098 1232 ad
1112 1172 1218 1230 omnia.
1243 1173 1350 1232 Verum

173 1275 368 1334 necessarium
382 1275 459 1351 lore,
475 1281 508 1336 nt
521 1276 566 1335 vel
581 1291 634 1349 per
649 1289 701 1335 nos
714 1275 759 1334 vel
775 1275 847 1334 alios
860 1275 1018 1336 marchioni
1025 1282 1121 1337 status
1135 1293 1229 1338 causa
1243 1285 1350 1339 ιοιιιιι

173 1379 382 1439 declararetur.
425 1357 427 1364 ¹
1245 1455 1250 1464 ,

263 1484 393 1544 Joannes
406 1481 498 1544 freter
513 1488 612 1544 noster
626 1482 704 1558 apud
719 1483 862 1544 dominam
877 1484 1102 1561 Landtgraviam
1116 1504 1239 1563 pransus
1255 1497 1308 1552 est.

263 1589 375 1649 Eadem
389 1588 494 1664 hospes
508 1593 607 1648 noster
622 1588 704 1650 Hans
722 1607 799 1650 vonn
815 1589 904 1650 (iesse
919 1591 1011 1666 primo
1026 1608 1045 1650 a
1059 1592 1180 1654 Pateria
1195 1595 1234 1655 ed
1248 1595 1347 1656 Danu-

173 1695 254 1755 bium
269 1694 324 1754 huc
339 1709 472 1754 reversus
488 1699 540 1770 est,
552 1696 606 1768 qui
622 1693 768 1754 nondum
760 1713 790 1755 m
801 1697 854 1756 heo
868 1697 952 1756 domo
963 1705 1151 1758 commoratus
1166 1705 1230 1759 erat
1231 1702 1349 1776 ,pridie

174 1801 251 1860 enim
266 1801 329 1874 ejns
345 1800 403 1867 diei
418 1816 481 1859 cnm
495 1799 655 1875 Angustam
674 1802 862 1875 venissemus,
887 1817 960 1861 uxor
976 1809 1005 1861 et
1019 1803 1129 1862 liberi·
1121 1805 1212 1924 ipsius
1230 1805 1261 1864 in
1274 1807 1349 1866 hanc

174 1903 292 1964 domum
306 1905 418 1964 noviter
434 1911 556 1980 emptam
571 1906 820 1980 transmigrarent.

262 2012 393 2072 Fuerant
408 2011 509 2072 eedem
524 2018 554 2072 et
567 2013 657 2071 nostri
673 2011 751 2086 apud
766 2011 884 2084 Meyer,
902 2008 953 2069 sed
967 2009 1038 2070 nihil
1053 2012 1114 2086 spei
1129 2011 1228 2072 datum
1243 2019 1295 2084 ιιι.

262 2117 393 2176 Eubulus
409 2117 522 2191 quidem
537 2117 683 2192 cupiebat,
707 2122 740 2176 nt
755 2122 784 2176 et
797 2117 854 2191 ipsi
868 2115 906 2175 ab
921 2117 984 2176 aliis
999 2119 1159 2177 consultum
1175 2120 1251 2194 erat,
1276 2121 1345 2194 Vig-

172 2223 242 2283 linm
256 2223 378 2298 alloqui,
395 2228 426 2283 ιι
440 2239 476 2283 ιι
492 2225 538 2285 die
554 2224 633 2283 nulla
649 2221 731 2283 nobis
746 2223 890 2299 huu'usrei
904 2220 1025 2282 facultas
1040 2223 1171 2284 dabatur.

263 2327 365 2392 Comes
381 2346 399 2388 ι
413 2329 527 2390 Nessau
541 2330 678 2402 scriptum
693 2328 888 2402 compromissi
903 2328 979 2388 inter
992 2327 1176 2390 colonienses
1191 2335 1221 2390 et
1235 2347 1286 2391 nos
1300 2347 1346 2392 ιι-
1394 2356 1397 2360 ·

173 2435 265 2508 misit,
282 2433 361 2507 quod
375 2435 487 2508 quoties
501 2434 651 2508 relegitur,
671 2433 756 2492 toties
772 2433 861 2507 magis
877 2433 1037 2492 acerbatur.

264 2519 369 2600 Florus
382 2544 415 2600 et
425 2538 612 2600 Wendelinus
627 2537 1003 2611 Atrebatensem-elloquuti
1017 2544 1093 2614 sunt,
1110 2541 1158 2613 qui
1173 2541 1264 2614 primo
1279 2556 1346 2601 can·

146 2670 148 2674 ·
172 2659 235 2702 sem
250 2660 269 2704 a
283 2659 315 2703 ιι
328 2646 460 2720 removit,
475 2649 603 2704 attamen
615 2641 681 2702 dein
692 2643 777 2716 jussit
789 2643 906 2702 comites
919 2645 1044 2704 crastino
1056 2645 1094 2704 ad
1105 2646 1206 2709 horam
1218 2649 1348 2706 octavam

172 2754 241 2810 ante
256 2737 405 2810 meridiem
419 2749 529 2831 edesse.
567 2749 643 2808 Nam
658 2753 718 2808 tum
732 2749 809 2822 illos,
826 2749 942 2822 inquit5
954 2741 1078 2824 audiam,
1095 2749 1118 2807 si
1133 2749 1261 2809 veniunt.
1300 2746 1347 2811 Sic

173 2855 251 2915 enim
265 2871 320 2930 per
334 2859 528 2929 contemptum
546 2852 620 2914 lorte
628 2854 770 2927 loquitur.

265 2958 460 3035 Omnipotens,
476 2961 599 3038 sapiens,
611 2959 769 3033 justissime
784 2963 813 3018 ιι
828 2959 989 3017 misericors
1001 2957 1089 3032 Deus,
1105 2958 1200 3018 David
1214 2975 1267 3020 rex
1280 2967 1347 3022 tuus

174 3071 205 3125 et
221 3065 364 3140 propheta
380 3081 464 3138 quem
478 3070 544 3140 post
561 3061 703 3124 foetantes
724 3064 835 3138 elegisti
852 3065 945 3123 virum
961 3063 1115 3122 secundum
1129 3079 1179 3123 cor
1193 3041 1286 3140 tunm,
1311 3066 1347 3127 de

173 3170 282 3230 domini
294 3169 589 3244 ιιιιιιιιιιιιιιιιιιι,
605 3167 657 3228 filii
668 3169 711 3227 tui
726 3166 876 3243 benedicti,
892 3169 1025 3243 passione
1040 3184 1164 3228 necnon
1179 3174 1209 3228 ιι
1222 3170 1348 3244 gloriosa

175 3275 388 3335 resurrectione
402 3275 605 3350 prophetizans
620 3275 696 3334 inter
710 3280 829 3335 caeteras
844 3275 988 3333 immensae
1003 3274 1161 3347 majestatis
1176 3281 1233 3335 tuae
1248 3276 1347 3336 laudes

173 3382 266 3442 canit.
283 3380 386 3440 Patres
401 3381 494 3440 nostri
508 3382 719 3455 speraverunt
712 3398 742 3438 ιι
756 3386 795 3456 ιι,
810 3387 840 3440 ιι
827 3381 930 3440 tdmn
936 3381 1109 3454 sperarent
1100 3397 1131 3438 m
1145 3385 1184 3455 te,
1199 3385 1233 3440 tu
1247 3379 1346 3440 eruisti

172 3487 247 3547 illos.
286 3484 332 3544 Ad
346 3490 376 3545 te
391 3485 637 3564 clamaverunt,e
638 3483 794 3545 tliberasti
815 3502 878 3560 eos,
899 3487 974 3544 inte
989 3485 1346 3557 speraveruntetconiusi

172 3607 232 3650 non
247 3596 322 3650 sunt.
361 3590 401 3650 Et
413 3589 489 3650 idem
508 3589 598 3650 rerba
614 3588 719 3651 Christi
738 3591 878 3665 prolixius
892 3605 1069 3664 prosequens
1086 3591 1140 3664 ait,
1164 3589 1228 3664 Ego
1250 3607 1288 3649 au
1288 3595 1345 3650 tem

171 3696 279 3756 vermis
293 3699 323 3754 et
336 3711 394 3755 non
409 3695 503 3755 homo.
525 3695 563 3753 *A
575 3699 658 3754 tanto
673 3696 762 3770 igitur
776 3711 846 3768 rege
861 3701 890 3755 et
904 3696 1046 3770 propheta
1062 3695 1156 3754 edocti
1170 3699 1200 3754 et
1215 3695 1345 3770 exemplo

173 3801 352 3862 dilectissimi
370 3798 424 3858 lilii
444 3801 488 3860 tui
502 3801 640 3875 instituti,
666 3801 701 3860 de
716 3800 770 3861 hae
792 3801 928 3858 immensa
946 3799 1075 3882 bonitate
1095 3801 1145 3858 tna
1166 3803 1195 3858 ιι
1209 3799 1345 3860 interces-

161 3907 255 3982 ¹sione
270 3905 345 3981 ejus,
356 3919 441 3978 quem
453 3905 545 3964 solum
560 3920 612 3964 nos
625 3905 858 3979 audire'jnssisti,
868 3919 1009 3978 quemque
1025 3903 1116 3962 solum
1131 3909 1250 3978 propter
1263 3919 1345 3966 reve·

171 4011 400 4086 rentiumipsiue
415 4011 446 4070 in
461 4026 544 4068 eruce
560 4013 709 4068 extensum
724 4008 904 4068 ιιιιιιιιιιι.
938 4008 980 4068 Te
994 4007 1088 4068 Deum
1103 4025 1203 4068 verum
1216 4013 1248 4068 et
1262 4014 1345 4094 ater-

167 4116 350 4191 'num‚Deum
359 4121 475 4191 patrum
484 4119 657 4188 nostrorum,
674 4119 703 4173 et
711 4113 767 4189 ipsi
776 4114 805 4173 ιι
814 4113 867 4188 bis,
882 4129 946 4188 ιιι
958 4131 1034 4174 ιιιι
1046 4133 1098 4176 nos
1107 4119 1250 4190 premunt,
1265 4115 1348 4174 malis

172 4223 371 4297 imploramus,
395 4236 508 4280 omnem
530 4224 657 4280 nostram
680 4235 760 4294 spem
783 4220 814 4277 in
836 4224 866 4278 te
886 4220 1067 4280 collocantes.
1105 4221 1181 4280 Vere
1200 4220 1275 4278 enim
1296 4235 1348 4279 nos

171 4341 359 4400 magnopere
375 4328 472 4385 eorum
483 4329 513 4384 et
526 4323 631 4382 luimus
644 4329 674 4384 et
686 4340 792 4400 snmus,
809 4341 931 4399 quorum
942 4331 1043 4401 typum
1054 4325 1187 4400 prebuit,
1202 4326 1259 4384 imo
1274 4340 1345 4397 quo·

171 4447 237 4491 rum
251 4431 372 4491 vulnere
387 4434 416 4493 et
427 4427 534 4490 vibices
545 4425 620 4488 filius
635 4432 701 4488 tuus
715 4429 914 4490 dilectissimus
926 4433 1001 4491 tulit.
1019 4431 1141 4506 Respice
1154 4431 1253 4513 igitur,
1269 4443 1346 4500 qua-

173 4536 328 4611 sumnam
341 4533 444 4596 faciem
459 4535 530 4611 ejas,
546 4536 596 4609 qni
609 4541 728 4611 peccata
741 4535 930 4611 nostra'tulit,
946 4541 976 4596 et
989 4536 1129 4610 propitius
1145 4539 1206 4594 esto
1220 4533 1346 4608 peccatis
1435 4594 1436 4598 ,
