3046 5104
678 467 740 532 133

112 641 252 722 je'statem
267 664 321 721 pro
336 649 419 708 nobis
434 649 611 709 intercedere
626 651 728 739 vellet*
741 652 791 725 qui
807 653 908 712 ceteris
924 655 978 714 diis
994 657 1214 730 opitulator-ibus
1229 661 1295 720 vai

115 754 277 826 proximior
293 769 356 812 esse
371 754 511 814 videatur.
542 756 708 830 Requisitus
719 762 768 815 est
783 757 904 816 anobis
923 763 952 817 et
967 759 1112 836 Luderitz,
1136 765 1185 837 qui
1199 768 1294 825 omnic

114 859 271 970 pollicitus.
310 859 454 918 Reversus
476 865 572 919 estet
594 861 716 964 Noricus
738 863 800 937 ille,
829 862 881 920 sed
903 858 1028 923 nondum
1050 871 1292 940 opportunitatem

114 969 219 1024 nactus
236 969 290 1023 est.
330 967 332 972 '
1142 982 1149 992 ’

205 1068 294 1142 Apud
318 1068 516 1129 Coloniensem
538 1069 587 1129 ubi
609 1073 732 1145 primum
754 1073 831 1146 ipsas
854 1073 931 1132 aedes
953 1075 1121 1135 accessimus
1149 1095 1167 1136 a
1190 1081 1292 1139 comite

114 1175 223 1233 Ottone
243 1190 261 1232 a
282 1174 456 1248 Schomberg
474 1173 564 1234 fratre
587 1169 723 1249 germano
735 1178 870 1260 episcopi
890 1180 1001 1251 excepti
1021 1197 1117 1238 sumus
1137 1189 1167 1264 et
1187 1185 1216 1242 in
1230 1201 1289 1244 ma-

113 1295 202 1352 gnum
224 1277 449 1351 hybernaculum
471 1277 595 1352 deducu
619 1281 667 1339 ubi
688 1281 829 1341 Ernestus
851 1301 869 1341 a
892 1283 983 1342 Solms
1004 1301 1067 1343 cum
1088 1285 1178 1360 fratre
1201 1287 1291 1346 Eber-

111 1384 207 1444 hardo
230 1401 265 1442 ac
287 1382 361 1442 filius
383 1383 523 1444 Gothardi
545 1385 676 1444 Kettaler
698 1388 815 1460 equitis,
840 1387 981 1448 Ernestus
1004 1371 1116 1462 quopue
1139 1391 1288 1452 aSchom·

112 1598 196 1655 niens
217 1611 354 1654 summam
373 1612 433 1670 prae
454 1611 485 1655 se
504 1595 709 1683 humanitatem
730 1599 865 1673 praetulit,
890 1605 991 1672 optans
1007 1601 1120 1660 Eubnlo
1136 1619 1290 1678 prosperos

111 1701 178 1760 initi
191 1701 366 1760 matrimonii
381 1691 538 1773 successus,
558 1702 606 1774 qui
621 1701 752 1760 Eubulus
768 1707 797 1760 et
811 1703 1008 1778 archipraesuli
1024 1722 1104 1763 suam
1120 1707 1288 1780 dignitatern

110 1805 223 1866 felicem
245 1821 309 1864 esse
330 1805 503 1880 imprecatus
526 1810 579 1880 eet,
603 1806 711 1866 addens
733 1811 765 1863 ut
784 1808 875 1880 possit
892 1805 956 1865 ficri
972 1824 1029 1880 quc
1049 1809 1112 1868 haec
1126 1828 1223 1870 rerum
1238 1831 1288 1887 gu-

111 1911 244 1970 bernatio
260 1916 335 1970 esset
350 1909 523 1970 adsalutem
538 1912 640 1970 animae
656 1911 790 1985 episcopi.
828 1911 907 1969 Inter
926 1914 1098 1972 coenandum
1118 1915 1185 1974 lecti
1205 1924 1288 1976 erant

111 2031 269 2075 sermones.
292 2023 299 2030 ’

200 2120 228 2179 Α
250 2136 335 2180 coena
355 2120 392 2178 de
412 2118 500 2178 variis
524 2135 586 2180 cum
608 2119 722 2178 Eubulo
744 2121 864 2181 contulit
885 2124 957 2182 mire
977 2124 1156 2198 vulpeculam
1176 2129 1285 2202 tegens.

110 2225 242 2286 Tandem
264 2225 442 2314 rogatusab
464 2223 593 2298 Eubulo‚
617 2232 650 2284 nt
671 2243 724 2299 pro
745 2228 808 2302 ipsc
831 2229 908 2302 apud
932 2245 1085 2296 cesaream
1108 2231 1286 2304 maiestatem

109 2331 315 2402 intercederet,
339 2331 495 2406 composito
515 2331 596 2389 vultu
617 2347 648 2390 se
669 2336 771 2406 sponte
791 2334 822 2392 id
843 2332 984 2394 iacturum
1004 2336 1122 2410 recepit.
1160 2337 1234 2396 Nam
1249 2338 1287 2398 ad

111 2438 188 2497 diem
204 2436 382 2506 lumbricum,
407 2437 509 2508 inquit,
532 2436 607 2496 inter
621 2437 693 2497 alios
708 2434 842 2498 conmvas
856 2439 986 2499 dominus
1001 2457 1019 2499 a
1035 2440 1214 2502 Grandevcla
1229 2459 1286 2501 una

109 2559 174 2601 cum
196 2557 287 2600 uxore
308 2546 337 2600 et
357 2540 455 2600 liberis
479 2542 627 2601 nobiscum
646 2533 805 2618 pransurus
828 2549 884 2618 est,
909 2545 1003 2604 aderit
1025 2553 1054 2605 ct
1076 2547 1284 2608 Atrebatensis.

110 2648 185 2706 Tum
208 2651 305 2706 autem
326 2647 464 2720 temporis
483 2662 577 2706 comes
597 2665 615 2706 a
634 2649 748 2708 Nassau
768 2651 805 2708 ob
825 2651 1018 2726 valetudinem
1039 2648 1128 2711 coenae
1145 2654 1284 2728 archiepi-

110 2753 191 2833 scopi
206 2769 264 2811 non
278 2751 426 2811 intererat.
524 2775 528 2782 ·
743 2737 745 2744 ¹

201 2858 221 2930 ij
237 2857 318 2916 lunii
332 2835 510 2916 ecclesiastes
526 2858 640 2932 quidam
655 2859 686 2916 in
701 2859 807 2931 templo
827 2839 971 2916 Minorem
993 2875 1028 2917 ex
1050 2877 1112 2934 cap.
1136 2866 1177 2920 14
1192 2864 1281 2924 Joan·
1299 2893 1302 2899 ·

108 2965 154 3022 nis
170 2963 355 3022 concionatus
370 2968 422 3036 est,
446 2963 580 3021 nimirum
595 2963 631 3023 de
645 2963 690 3020 his
704 2963 799 3021 verbis
815 2962 934 3041 Christi:
963 2964 1022 3021 «Et
1036 2951 1089 3038 ego
1109 2968 1216 3039 rogabo
1231 2985 1282 3041 pa-

108 3075 194 3141 trem,
204 3071 234 3128 et
246 3068 332 3126 alium
344 3068 551 3127 consolatorem
567 3067 646 3127 dabit
659 3069 789 3150 vobisut
802 3074 917 3127 maneat
931 3065 1076 3127 vobiscum
1091 3071 1121 3127 in
1134 3075 1282 3156 aternum,

108 3175 242 3251 spiritum
262 3173 419 3246 veritatis,‘
431 3189 515 3246 quem
536 3173 658 3232 mundus
680 3190 737 3232 non
756 3174 1013 3247 potestacoipere,
1039 3175 1106 3247 quia
1121 3158 1185 3235 -non
1205 3175 1284 3235 videt

109 3295 175 3338 eum
191 3293 244 3336 nee
265 3278 344 3336 novit
361 3294 436 3352 eum,
460 3293 511 3338 vos
531 3283 626 3338 autem
647 3281 817 3352 cognovistis
837 3295 911 3352 eum,
935 3279 1002 3351 quia
1021 3281 1097 3354 apud
1118 3297 1168 3339 vos
1187 3288 1283 3341 manet

108 3385 183 3444 etin
198 3361 358 3441 vobis'erit.
382 3384 448 3441 Non
464 3384 625 3456 relinquam
639 3402 689 3444 vos
705 3385 859 3460 orphanos,
875 3386 986 3444 veniam
1002 3385 1134 3445 advos«
1166 3386 1222 3446 Hic
1241 3389 1283 3446 ait

108 3507 140 3548 se
160 3489 297 3547 hesterna
316 3488 362 3546 die
383 3474 520 3562 prolixius
543 3490 579 3548 de
599 3489 644 3548 his
663 3491 749 3548 rebus
771 3493 969 3550 concionatum
989 3505 1061 3549 esse.
1099 3493 1280 3551 Paracletum

108 3601 206 3654 autern
222 3594 361 3668 spiritum,
385 3600 492 3668 praeter
507 3596 585 3669 quod
600 3598 762 3656 consolator
777 3597 823 3668 sit,
847 3597 933 3654 etiam
951 3595 1023 3655 illud
1041 3613 1143 3654 munus
1163 3597 1279 3671 babere,

108 3702 218 3759 scilicet
239 3699 317 3773 quod
338 3704 476 3776 patronus
499 3707 528 3760 et
548 3701 702 3761 advocatus
723 3701 761 3758 sit
784 3707 813 3759 et
833 3702 858 3758 is
881 3697 931 3772 bui
949 3700 1113 3773 interpellet
1133 3717 1186 3774 pro
1206 3703 1278 3780 aliis.

108 3791 251 3878 Quamdiu
265 3807 340 3863 eninr
356 3805 486 3884 Christus
500 3807 529 3864 in
548 3795 633 3865 terris
653 3805 884 3879 conversabatur,
908 3805 1028 3875 ipsemet
1046 3803 1175 3887 Christus
1196 3806 1279 3868 disci-

107 3913 242 3986 polorum
265 3925 379 3970 suorum
400 3895 564 3970 consolator
585 3909 654 3983 fuit,
677 3910 726 3984 qui
748 3915 777 3968 et
799 3903 956 3982 ipsissimus
981 3926 1014 3967 ac
1039 3911 1115 3969 solus
1139 3912 1280 3971 mediator

107 4018 184 4076 inter
200 4015 293 4075 Deum
309 4021 339 4074 et
352 4017 508 4088 hominem;
533 4015 572 4074 ad
587 4015 675 4074 coelos
690 4021 785 4074 autem
801 4013 958 4084 ascendens
973 4013 1057 4089 hunc,
1081 4015 1117 4074 de
1133 4033 1189 4090 quo
1204 3993 1279 4076 nunc

107 4137 202 4182 sermo
225 4127 281 4194 est,
305 4122 415 4182 remisit
433 4121 608 4194 paracletum
628 4123 760 4196 spiritum
781 4121 861 4178 illum
883 4122 1021 4180 veritatis,
1058 4121 1086 4178 ls
1107 4121 1188 4180 nobis
1209 4103 1280 4180 nihil

106 4232 217 4303 prater
230 4227 381 4286 veritatem
395 4228 531 4300 loquitur.
562 4223 667 4285 Adfert
686 4231 715 4284 et
734 4227 872 4300 aperitin
891 4228 1005 4300 scriptis
1024 4227 1188 4300 apostolicis
1203 4229 1278 4286 veri-

106 4337 198 4392 tatem
218 4331 298 4390 illam
320 4321 523 4407 evangelicam,
547 4348 630 4392 omne
650 4347 750 4390 verum
772 4305 932 4391 acbonum
954 4347 1005 4391 nos
1027 4331 1111 4416 docet
1131 4330 1279 4391 ancillatu

106 4453 160 4498 suo
175 4452 229 4494 nos
245 4438 363 4512 aspirat.
393 4437 447 4497 Est
456 4419 491 4496 ‘et
505 4438 577 4500 alius
592 4421 708 4512 spiritus
730 4436 765 4495 de
786 4451 842 4510 quo
857 4436 986 4524 cbristus
1006 4438 1126 4500 loannis
1149 4439 1168 4495 8
1184 4438 1277 4509 loqui-

106 4547 164 4618 tur,
181 4557 287 4603 vocans
296 4541 367 4602 'eum
381 4544 522 4604 latronem
537 4543 573 4603 ab
588 4543 678 4617 initio,
695 4543 743 4615 qui
758 4543 788 4600 in
803 4543 923 4602 veritate
935 4557 994 4601 non
1007 4543 1170 4614 permansit.
1202 4541 1276 4600 llam
