<?xml version="1.0" encoding="UTF-8"?>
<!DOCTYPE html PUBLIC "-//W3C//DTD XHTML 1.0 Transitional//EN"
    "http://www.w3.org/TR/xhtml1/DTD/xhtml1-transitional.dtd">
<html xmlns="http://www.w3.org/1999/xhtml" xml:lang="en" lang="en">
 <head>
  <title>
</title>
<meta http-equiv="Content-Type" content="text/html;charset=utf-8" />
  <meta name='ocr-system' content='tesseract 3.04.00' />
  <meta name='ocr-capabilities' content='ocr_page ocr_carea ocr_par ocr_line ocrx_word'/>
</head>
<body>
  <div class='ocr_page' id='page_1' title='image "./desgrafenwolrad02trosgoog_0217.png"; bbox 0 0 3020 5112; ppageno 0'>
   <div class='ocr_carea' id='block_1_1' title="bbox 185 585 1401 2780">
    <p class='ocr_par' dir='ltr' id='par_1_1' title="bbox 220 585 1395 1098">
     <span class='ocr_line' id='line_1_1' title="bbox 221 585 1395 680; baseline -0.003 -14"><span class='ocrx_word' id='word_1_1' title='bbox 221 585 288 680; x_wconf 79' lang='lat' dir='ltr'><strong>pem</strong></span> <span class='ocrx_word' id='word_1_2' title='bbox 301 603 450 666; x_wconf 88' lang='lat' dir='ltr'><strong>nobiscum</strong></span> <span class='ocrx_word' id='word_1_3' title='bbox 468 601 619 678; x_wconf 87' lang='lat' dir='ltr'><strong>prandium</strong></span> <span class='ocrx_word' id='word_1_4' title='bbox 633 619 753 664; x_wconf 72' lang='lat' dir='ltr'><strong>summe.</strong></span> <span class='ocrx_word' id='word_1_5' title='bbox 793 602 927 664; x_wconf 76' lang='lat' dir='ltr'>Ostendit</span> <span class='ocrx_word' id='word_1_6' title='bbox 944 604 1063 679; x_wconf 85' lang='lat' dir='ltr'><strong>insuper</strong></span> <span class='ocrx_word' id='word_1_7' title='bbox 1083 609 1113 665; x_wconf 87' lang='lat' dir='ltr'><strong>et</strong></span> <span class='ocrx_word' id='word_1_8' title='bbox 1128 603 1211 666; x_wconf 82' lang='lat' dir='ltr'><strong>nobis</strong></span> <span class='ocrx_word' id='word_1_9' title='bbox 1226 601 1395 678; x_wconf 74' lang='lat' dir='ltr'><strong>inscriptio·</strong></span> 
     </span>
     <span class='ocr_line' id='line_1_2' title="bbox 221 695 1391 785; baseline -0.002 -15"><span class='ocrx_word' id='word_1_10' title='bbox 221 711 462 772; x_wconf 71' lang='lat' dir='ltr'><strong>erubescerem</strong></span> <span class='ocrx_word' id='word_1_11' title='bbox 480 725 568 774; x_wconf 85' lang='lat' dir='ltr'><strong>manu</strong></span> <span class='ocrx_word' id='word_1_12' title='bbox 589 710 709 785; x_wconf 87' lang='lat' dir='ltr'><strong>propria</strong></span> <span class='ocrx_word' id='word_1_13' title='bbox 728 709 866 784; x_wconf 85' lang='lat' dir='ltr'><strong>principis</strong></span> <span class='ocrx_word' id='word_1_14' title='bbox 887 695 980 770; x_wconf 81' lang='lat' dir='ltr'><strong>nostri</strong></span> <span class='ocrx_word' id='word_1_15' title='bbox 993 709 1031 770; x_wconf 90' lang='lat' dir='ltr'><strong>ed</strong></span> <span class='ocrx_word' id='word_1_16' title='bbox 1044 711 1199 778; x_wconf 58' lang='lat' dir='ltr'><strong>&amp;asmum</strong></span> <span class='ocrx_word' id='word_1_17' title='bbox 1213 709 1391 783; x_wconf 69' lang='lat' dir='ltr'><strong>hispnrnm</strong></span> 
     </span>
     <span class='ocr_line' id='line_1_3' title="bbox 222 813 1391 889; baseline -0.003 -13"><span class='ocrx_word' id='word_1_18' title='bbox 222 816 408 876; x_wconf 65' lang='lat' dir='ltr'><strong>mmewiurn</strong></span> <span class='ocrx_word' id='word_1_19' title='bbox 422 816 538 874; x_wconf 83' lang='lat' dir='ltr'><strong>coesaris</strong></span> <span class='ocrx_word' id='word_1_20' title='bbox 553 820 711 874; x_wconf 63' lang='lat' dir='ltr'><strong>amatum.</strong></span> <span class='ocrx_word' id='word_1_21' title='bbox 750 813 907 874; x_wconf 79' lang='lat' dir='ltr'><strong>Thalemm</strong></span> <span class='ocrx_word' id='word_1_22' title='bbox 920 830 1034 889; x_wconf 85' lang='lat' dir='ltr'><strong>quoque</strong></span> <span class='ocrx_word' id='word_1_23' title='bbox 1052 815 1095 874; x_wconf 93' lang='lat' dir='ltr'><strong>illi</strong></span> <span class='ocrx_word' id='word_1_24' title='bbox 1109 815 1185 875; x_wconf 91' lang='lat' dir='ltr'><strong>dono</strong></span> <span class='ocrx_word' id='word_1_25' title='bbox 1201 813 1274 874; x_wconf 86' lang='lat' dir='ltr'><strong>dedi</strong></span> <span class='ocrx_word' id='word_1_26' title='bbox 1287 819 1317 874; x_wconf 90' lang='lat' dir='ltr'><strong>et</strong></span> <span class='ocrx_word' id='word_1_27' title='bbox 1331 814 1391 888; x_wconf 92' lang='lat' dir='ltr'><strong>pol·</strong></span> 
     </span>
     <span class='ocr_line' id='line_1_4' title="bbox 221 917 1390 994; baseline -0.002 -14"><span class='ocrx_word' id='word_1_28' title='bbox 221 920 315 980; x_wconf 81' lang='lat' dir='ltr'><strong>licitum</strong></span> <span class='ocrx_word' id='word_1_29' title='bbox 330 925 384 994; x_wconf 87' lang='lat' dir='ltr'><strong>est,</strong></span> <span class='ocrx_word' id='word_1_30' title='bbox 399 934 430 980; x_wconf 89' lang='lat' dir='ltr'><strong>sc</strong></span> <span class='ocrx_word' id='word_1_31' title='bbox 445 934 509 979; x_wconf 90' lang='lat' dir='ltr'><strong>meo</strong></span> <span class='ocrx_word' id='word_1_32' title='bbox 524 919 638 980; x_wconf 78' lang='lat' dir='ltr'><strong>nomme</strong></span> <span class='ocrx_word' id='word_1_33' title='bbox 652 918 749 980; x_wconf 88' lang='lat' dir='ltr'><strong>debite</strong></span> <span class='ocrx_word' id='word_1_34' title='bbox 763 935 827 978; x_wconf 88' lang='lat' dir='ltr'><strong>mea</strong></span> <span class='ocrx_word' id='word_1_35' title='bbox 841 917 935 980; x_wconf 82' lang='lat' dir='ltr'><strong>oldaia</strong></span> <span class='ocrx_word' id='word_1_36' title='bbox 954 917 1077 994; x_wconf 79' lang='lat' dir='ltr'><strong>principi</strong></span> <span class='ocrx_word' id='word_1_37' title='bbox 1093 919 1270 980; x_wconf 87' lang='lat' dir='ltr'><strong>oblaturum.</strong></span> <span class='ocrx_word' id='word_1_38' title='bbox 1308 919 1390 979; x_wconf 86' lang='lat' dir='ltr'><strong>Vole-</strong></span> 
     </span>
     <span class='ocr_line' id='line_1_5' title="bbox 220 1023 1084 1098; baseline -0.002 -12"><span class='ocrx_word' id='word_1_39' title='bbox 220 1023 271 1086; x_wconf 84' lang='lat' dir='ltr'><strong>bat</strong></span> <span class='ocrx_word' id='word_1_40' title='bbox 285 1041 354 1086; x_wconf 85' lang='lat' dir='ltr'><strong>vero</strong></span> <span class='ocrx_word' id='word_1_41' title='bbox 369 1025 490 1098; x_wconf 80' lang='lat' dir='ltr'><strong>ethiops</strong></span> <span class='ocrx_word' id='word_1_42' title='bbox 504 1023 597 1084; x_wconf 89' lang='lat' dir='ltr'><strong>adbuc</strong></span> <span class='ocrx_word' id='word_1_43' title='bbox 612 1023 712 1085; x_wconf 90' lang='lat' dir='ltr'><strong>eudem</strong></span> <span class='ocrx_word' id='word_1_44' title='bbox 726 1023 887 1098; x_wconf 77' lang='lat' dir='ltr'><strong>Angustam</strong></span> <span class='ocrx_word' id='word_1_45' title='bbox 902 1023 1084 1084; x_wconf 85' lang='lat' dir='ltr'><strong>contendere.</strong></span> 
     </span>
    </p>

    <p class='ocr_par' dir='ltr' id='par_1_2' title="bbox 185 1121 1401 2259">
     <span class='ocr_line' id='line_1_6' title="bbox 233 1121 1390 1205; baseline -0.004 -15"><span class='ocrx_word' id='word_1_46' title='bbox 233 1163 237 1168; x_wconf 94' lang='lat'>-</span> <span class='ocrx_word' id='word_1_47' title='bbox 269 1149 272 1154; x_wconf 94' lang='lat'>·</span> <span class='ocrx_word' id='word_1_48' title='bbox 310 1130 464 1205; x_wconf 73' lang='lat' dir='ltr'><strong>Reperire</strong></span> <span class='ocrx_word' id='word_1_49' title='bbox 482 1130 607 1203; x_wconf 87' lang='lat' dir='ltr'><strong>hospitio</strong></span> <span class='ocrx_word' id='word_1_50' title='bbox 627 1127 772 1188; x_wconf 89' lang='lat' dir='ltr'><strong>dominnm</strong></span> <span class='ocrx_word' id='word_1_51' title='bbox 787 1128 945 1188; x_wconf 84' lang='lat' dir='ltr'><strong>Martinum</strong></span> <span class='ocrx_word' id='word_1_52' title='bbox 961 1121 1104 1192; x_wconf 83' lang='lat' dir='ltr'><strong>Gaesarem</strong></span> <span class='ocrx_word' id='word_1_53' title='bbox 1125 1145 1190 1188; x_wconf 87' lang='lat' dir='ltr'><strong>cunr</strong></span> <span class='ocrx_word' id='word_1_54' title='bbox 1204 1129 1323 1194; x_wconf 73' lang='lat' dir='ltr'><strong>luanus</strong></span> <span class='ocrx_word' id='word_1_55' title='bbox 1337 1125 1390 1186; x_wconf 84' lang='lat' dir='ltr'><strong>Ge·</strong></span> 
     </span>
     <span class='ocr_line' id='line_1_7' title="bbox 221 1232 1398 1309; baseline -0.004 -15"><span class='ocrx_word' id='word_1_56' title='bbox 221 1233 314 1294; x_wconf 84' lang='lat' dir='ltr'><strong>lacteo</strong></span> <span class='ocrx_word' id='word_1_57' title='bbox 329 1249 474 1294; x_wconf 88' lang='lat' dir='ltr'><strong>sermones</strong></span> <span class='ocrx_word' id='word_1_58' title='bbox 488 1232 672 1293; x_wconf 85' lang='lat' dir='ltr'><strong>conierentcu</strong></span> <span class='ocrx_word' id='word_1_59' title='bbox 687 1248 721 1292; x_wconf 90' lang='lat' dir='ltr'><strong>ac</strong></span> <span class='ocrx_word' id='word_1_60' title='bbox 735 1247 794 1292; x_wconf 90' lang='lat' dir='ltr'><strong>una</strong></span> <span class='ocrx_word' id='word_1_61' title='bbox 808 1234 907 1306; x_wconf 82' lang='lat' dir='ltr'><strong>pransi</strong></span> <span class='ocrx_word' id='word_1_62' title='bbox 922 1250 1028 1292; x_wconf 89' lang='lat' dir='ltr'><strong>sumus.</strong></span> <span class='ocrx_word' id='word_1_63' title='bbox 1066 1235 1100 1294; x_wconf 93' lang='lat' dir='ltr'><strong>In</strong></span> <span class='ocrx_word' id='word_1_64' title='bbox 1115 1233 1242 1309; x_wconf 88' lang='lat' dir='ltr'><strong>prandio</strong></span> <span class='ocrx_word' id='word_1_65' title='bbox 1257 1232 1398 1294; x_wconf 78' lang='lat' dir='ltr'><strong>sermoni·</strong></span> 
     </span>
     <span class='ocr_line' id='line_1_8' title="bbox 222 1336 1392 1414; baseline -0.005 -14"><span class='ocrx_word' id='word_1_66' title='bbox 222 1340 285 1414; x_wconf 86' lang='lat' dir='ltr'><strong>bus,</strong></span> <span class='ocrx_word' id='word_1_67' title='bbox 309 1343 342 1397; x_wconf 87' lang='grc' dir='ltr'><strong>ιιι</strong></span> <span class='ocrx_word' id='word_1_68' title='bbox 361 1344 473 1414; x_wconf 90' lang='lat' dir='ltr'><strong>tempus</strong></span> <span class='ocrx_word' id='word_1_69' title='bbox 494 1336 619 1410; x_wconf 83' lang='lat' dir='ltr'><strong>ferebat,</strong></span> <span class='ocrx_word' id='word_1_70' title='bbox 643 1337 753 1398; x_wconf 85' lang='lat' dir='ltr'><strong>animos</strong></span> <span class='ocrx_word' id='word_1_71' title='bbox 772 1337 981 1398; x_wconf 78' lang='lat' dir='ltr'><strong>remeabamus.</strong></span> <span class='ocrx_word' id='word_1_72' title='bbox 1019 1339 1100 1398; x_wconf 83' lang='lat' dir='ltr'><strong>Actis</strong></span> <span class='ocrx_word' id='word_1_73' title='bbox 1119 1340 1223 1413; x_wconf 76' lang='lat' dir='ltr'><strong>gratiis</strong></span> <span class='ocrx_word' id='word_1_74' title='bbox 1238 1355 1258 1398; x_wconf 86' lang='lat' dir='ltr'><strong>a</strong></span> <span class='ocrx_word' id='word_1_75' title='bbox 1272 1336 1392 1412; x_wconf 84' lang='lat' dir='ltr'><strong>prandio</strong></span> 
     </span>
     <span class='ocr_line' id='line_1_9' title="bbox 222 1440 1393 1518; baseline -0.003 -14"><span class='ocrx_word' id='word_1_76' title='bbox 222 1445 318 1504; x_wconf 79' lang='lat' dir='ltr'><strong>uarios</strong></span> <span class='ocrx_word' id='word_1_77' title='bbox 327 1459 535 1517; x_wconf 79' lang='lat' dir='ltr'><strong>sermonesago</strong></span> <span class='ocrx_word' id='word_1_78' title='bbox 546 1449 575 1504; x_wconf 89' lang='lat' dir='ltr'><strong>et</strong></span> <span class='ocrx_word' id='word_1_79' title='bbox 588 1440 860 1504; x_wconf 87' lang='lat' dir='ltr'><strong>dominusiudimus.</strong></span> <span class='ocrx_word' id='word_1_80' title='bbox 881 1443 1020 1504; x_wconf 84' lang='lat' dir='ltr'><strong>Esteuim</strong></span> <span class='ocrx_word' id='word_1_81' title='bbox 1032 1443 1393 1518; x_wconf 80' lang='lat' dir='ltr'><strong>virsuevissimecoousue·</strong></span> 
     </span>
     <span class='ocr_line' id='line_1_10' title="bbox 223 1547 1392 1621; baseline -0.002 -13"><span class='ocrx_word' id='word_1_82' title='bbox 223 1548 341 1608; x_wconf 86' lang='lat' dir='ltr'><strong>tudinis.</strong></span> <span class='ocrx_word' id='word_1_83' title='bbox 381 1547 514 1608; x_wconf 76' lang='lat' dir='ltr'><strong>Ostendit</strong></span> <span class='ocrx_word' id='word_1_84' title='bbox 538 1547 629 1616; x_wconf 61' lang='lat' dir='ltr'><strong>nobis,</strong></span> <span class='ocrx_word' id='word_1_85' title='bbox 640 1547 788 1620; x_wconf 86' lang='lat' dir='ltr'><strong>seriptum,</strong></span> <span class='ocrx_word' id='word_1_86' title='bbox 810 1563 866 1621; x_wconf 86' lang='lat' dir='ltr'><strong>quo</strong></span> <span class='ocrx_word' id='word_1_87' title='bbox 881 1550 993 1608; x_wconf 85' lang='lat' dir='ltr'><strong>senatui</strong></span> <span class='ocrx_word' id='word_1_88' title='bbox 1007 1547 1163 1608; x_wconf 84' lang='lat' dir='ltr'><strong>Werdsnsi</strong></span> <span class='ocrx_word' id='word_1_89' title='bbox 1177 1548 1216 1608; x_wconf 93' lang='lat' dir='ltr'><strong>ob</strong></span> <span class='ocrx_word' id='word_1_90' title='bbox 1230 1547 1392 1608; x_wconf 86' lang='lat' dir='ltr'><strong>intricatum</strong></span> 
     </span>
     <span class='ocr_line' id='line_1_11' title="bbox 223 1650 1392 1728; baseline -0.004 -16"><span class='ocrx_word' id='word_1_91' title='bbox 223 1653 338 1712; x_wconf 81' lang='lat' dir='ltr'><strong>interim</strong></span> <span class='ocrx_word' id='word_1_92' title='bbox 360 1668 550 1728; x_wconf 75' lang='lat' dir='ltr'>responsurus</span> <span class='ocrx_word' id='word_1_93' title='bbox 572 1655 637 1712; x_wconf 89' lang='lat' dir='ltr'><strong>erat</strong></span> <span class='ocrx_word' id='word_1_94' title='bbox 657 1657 716 1712; x_wconf 75' lang='lat' dir='ltr'><strong>mm</strong></span> <span class='ocrx_word' id='word_1_95' title='bbox 736 1651 812 1726; x_wconf 89' lang='lat' dir='ltr'><strong>ipse,</strong></span> <span class='ocrx_word' id='word_1_96' title='bbox 836 1668 923 1725; x_wconf 85' lang='lat' dir='ltr'><strong>quam</strong></span> <span class='ocrx_word' id='word_1_97' title='bbox 944 1654 1092 1727; x_wconf 81' lang='lat' dir='ltr'><strong>symmista</strong></span> <span class='ocrx_word' id='word_1_98' title='bbox 1112 1653 1184 1726; x_wconf 70' lang='lat' dir='ltr'><strong>cius.</strong></span> <span class='ocrx_word' id='word_1_99' title='bbox 1223 1652 1337 1714; x_wconf 90' lang='lat' dir='ltr'><strong>Habuit</strong></span> <span class='ocrx_word' id='word_1_100' title='bbox 1349 1650 1392 1708; x_wconf 89' lang='lat' dir='ltr'><strong>hio</strong></span> 
     </span>
     <span class='ocr_line' id='line_1_12' title="bbox 222 1737 1401 1832; baseline -0.004 -14"><span class='ocrx_word' id='word_1_101' title='bbox 222 1757 367 1818; x_wconf 81' lang='lat' dir='ltr'><strong>Martinus</strong></span> <span class='ocrx_word' id='word_1_102' title='bbox 392 1762 503 1832; x_wconf 87' lang='lat' dir='ltr'><strong>patrem</strong></span> <span class='ocrx_word' id='word_1_103' title='bbox 523 1759 572 1832; x_wconf 90' lang='lat' dir='ltr'><strong>qui</strong></span> <span class='ocrx_word' id='word_1_104' title='bbox 596 1760 626 1816; x_wconf 93' lang='lat' dir='ltr'><strong>et</strong></span> <span class='ocrx_word' id='word_1_105' title='bbox 647 1757 710 1830; x_wconf 86' lang='lat' dir='ltr'><strong>ipse</strong></span> <span class='ocrx_word' id='word_1_106' title='bbox 728 1756 855 1816; x_wconf 83' lang='lat' dir='ltr'><strong>eeclesiis</strong></span> <span class='ocrx_word' id='word_1_107' title='bbox 875 1759 906 1816; x_wconf 93' lang='lat' dir='ltr'><strong>in</strong></span> <span class='ocrx_word' id='word_1_108' title='bbox 925 1737 1116 1818; x_wconf 86' lang='lat' dir='ltr'><strong>ecclesiastico</strong></span> <span class='ocrx_word' id='word_1_109' title='bbox 1132 1774 1254 1818; x_wconf 89' lang='lat' dir='ltr'><strong>munere</strong></span> <span class='ocrx_word' id='word_1_110' title='bbox 1268 1754 1401 1832; x_wconf 63' lang='lat' dir='ltr'><strong>praefuit,</strong></span> 
     </span>
     <span class='ocr_line' id='line_1_13' title="bbox 223 1861 1391 1937; baseline -0.002 -15"><span class='ocrx_word' id='word_1_111' title='bbox 223 1862 336 1922; x_wconf 89' lang='lat' dir='ltr'><strong>nomine</strong></span> <span class='ocrx_word' id='word_1_112' title='bbox 350 1863 492 1924; x_wconf 85' lang='lat' dir='ltr'><strong>Joannsm</strong></span> <span class='ocrx_word' id='word_1_113' title='bbox 508 1861 660 1937; x_wconf 79' lang='lat' dir='ltr'><strong>Gaesarem,</strong></span> <span class='ocrx_word' id='word_1_114' title='bbox 677 1863 726 1936; x_wconf 84' lang='lat' dir='ltr'><strong>qui</strong></span> <span class='ocrx_word' id='word_1_115' title='bbox 741 1861 815 1923; x_wconf 86' lang='lat' dir='ltr'><strong>lilios</strong></span> <span class='ocrx_word' id='word_1_116' title='bbox 830 1877 881 1922; x_wconf 83' lang='lat' dir='ltr'><strong>sen</strong></span> <span class='ocrx_word' id='word_1_117' title='bbox 895 1862 999 1922; x_wconf 83' lang='lat' dir='ltr'><strong>litteris</strong></span> <span class='ocrx_word' id='word_1_118' title='bbox 1018 1861 1129 1924; x_wconf 90' lang='lat' dir='ltr'><strong>institui</strong></span> <span class='ocrx_word' id='word_1_119' title='bbox 1143 1869 1308 1934; x_wconf 73' lang='lat' dir='ltr'>curaverat,</span> <span class='ocrx_word' id='word_1_120' title='bbox 1325 1875 1391 1934; x_wconf 87' lang='lat' dir='ltr'><strong>quo·</strong></span> 
     </span>
     <span class='ocr_line' id='line_1_14' title="bbox 222 1963 1391 2042; baseline 0 -16"><span class='ocrx_word' id='word_1_121' title='bbox 222 1983 287 2026; x_wconf 84' lang='lat' dir='ltr'><strong>rum</strong></span> <span class='ocrx_word' id='word_1_122' title='bbox 307 1967 433 2042; x_wconf 84' lang='lat' dir='ltr'><strong>quinque</strong></span> <span class='ocrx_word' id='word_1_123' title='bbox 451 1968 575 2026; x_wconf 86' lang='lat' dir='ltr'><strong>ministri</strong></span> <span class='ocrx_word' id='word_1_124' title='bbox 595 1968 675 2028; x_wconf 89' lang='lat' dir='ltr'><strong>verbi</strong></span> <span class='ocrx_word' id='word_1_125' title='bbox 697 1973 781 2042; x_wconf 89' lang='lat' dir='ltr'><strong>sunt,</strong></span> <span class='ocrx_word' id='word_1_126' title='bbox 804 1972 901 2028; x_wconf 86' lang='lat' dir='ltr'><strong>sextus</strong></span> <span class='ocrx_word' id='word_1_127' title='bbox 923 1967 985 2028; x_wconf 86' lang='lat' dir='ltr'><strong>ludi</strong></span> <span class='ocrx_word' id='word_1_128' title='bbox 1006 1967 1171 2028; x_wconf 77' lang='lat' dir='ltr'>moderator</span> <span class='ocrx_word' id='word_1_129' title='bbox 1193 1969 1225 2028; x_wconf 95' lang='lat' dir='ltr'><strong>in</strong></span> <span class='ocrx_word' id='word_1_130' title='bbox 1249 1963 1391 2041; x_wconf 81' lang='lat' dir='ltr'><strong>Anspech.</strong></span> 
     </span>
     <span class='ocr_line' id='line_1_15' title="bbox 222 2069 1391 2146; baseline -0.003 -14"><span class='ocrx_word' id='word_1_131' title='bbox 222 2070 318 2132; x_wconf 83' lang='lat' dir='ltr'>Fuere</span> <span class='ocrx_word' id='word_1_132' title='bbox 333 2088 403 2132; x_wconf 87' lang='lat' dir='ltr'><strong>vero</strong></span> <span class='ocrx_word' id='word_1_133' title='bbox 417 2069 523 2132; x_wconf 79' lang='lat' dir='ltr'><strong>fratres</strong></span> <span class='ocrx_word' id='word_1_134' title='bbox 537 2072 666 2146; x_wconf 80' lang='lat' dir='ltr'><strong>germani</strong></span> <span class='ocrx_word' id='word_1_135' title='bbox 681 2087 793 2133; x_wconf 83' lang='lat' dir='ltr'><strong>novem.</strong></span> <span class='ocrx_word' id='word_1_136' title='bbox 831 2074 871 2139; x_wconf 78' lang='lat' dir='ltr'><strong>Et</strong></span> <span class='ocrx_word' id='word_1_137' title='bbox 883 2074 925 2132; x_wconf 88' lang='lat' dir='ltr'><strong>ite</strong></span> <span class='ocrx_word' id='word_1_138' title='bbox 945 2073 1066 2133; x_wconf 86' lang='lat' dir='ltr'><strong>invicem</strong></span> <span class='ocrx_word' id='word_1_139' title='bbox 1081 2073 1254 2134; x_wconf 76' lang='lat' dir='ltr'><strong>sustulimus</strong></span> <span class='ocrx_word' id='word_1_140' title='bbox 1277 2072 1314 2132; x_wconf 93' lang='lat' dir='ltr'><strong>de</strong></span> <span class='ocrx_word' id='word_1_141' title='bbox 1328 2086 1391 2130; x_wconf 78' lang='lat' dir='ltr'><strong>ceu·</strong></span> 
     </span>
     <span class='ocr_line' id='line_1_16' title="bbox 185 2153 1392 2259; baseline 0 -23"><span class='ocrx_word' id='word_1_142' title='bbox 185 2198 188 2204; x_wconf 95' lang='lat'>·</span> <span class='ocrx_word' id='word_1_143' title='bbox 222 2177 263 2236; x_wconf 91' lang='lat' dir='ltr'><strong>sis</strong></span> <span class='ocrx_word' id='word_1_144' title='bbox 278 2177 425 2252; x_wconf 80' lang='lat' dir='ltr'><strong>religionis</strong></span> <span class='ocrx_word' id='word_1_145' title='bbox 440 2182 473 2237; x_wconf 90' lang='lat' dir='ltr'><strong>ut</strong></span> <span class='ocrx_word' id='word_1_146' title='bbox 488 2177 638 2250; x_wconf 81' lang='lat' dir='ltr'><strong>utriusque</strong></span> <span class='ocrx_word' id='word_1_147' title='bbox 652 2178 763 2239; x_wconf 86' lang='lat' dir='ltr'><strong>unimus</strong></span> <span class='ocrx_word' id='word_1_148' title='bbox 777 2153 868 2251; x_wconf 62' lang='lat' dir='ltr'><strong>pr&#39;obe</strong></span> <span class='ocrx_word' id='word_1_149' title='bbox 882 2178 1040 2254; x_wconf 72' lang='lat' dir='ltr'><strong>explicetur</strong></span> <span class='ocrx_word' id='word_1_150' title='bbox 1054 2179 1100 2238; x_wconf 86' lang='lat' dir='ltr'><strong>sit</strong></span> <span class='ocrx_word' id='word_1_151' title='bbox 1133 2177 1267 2259; x_wconf 82' lang='lat' dir='ltr'><strong>Tandem</strong></span> <span class='ocrx_word' id='word_1_152' title='bbox 1281 2191 1392 2236; x_wconf 82' lang='lat' dir='ltr'><strong>oausam</strong></span> 
     </span>
    </p>

    <p class='ocr_par' dir='ltr' id='par_1_3' title="bbox 222 2281 1392 2358">
     <span class='ocr_line' id='line_1_17' title="bbox 222 2281 1392 2358; baseline -0.002 -16"><span class='ocrx_word' id='word_1_153' title='bbox 222 2281 278 2342; x_wconf 83' lang='lat' dir='ltr'><strong>deo</strong></span> <span class='ocrx_word' id='word_1_154' title='bbox 292 2283 471 2342; x_wconf 86' lang='lat' dir='ltr'><strong>comittentes</strong></span> <span class='ocrx_word' id='word_1_155' title='bbox 486 2298 559 2355; x_wconf 88' lang='lat' dir='ltr'><strong>eam,</strong></span> <span class='ocrx_word' id='word_1_156' title='bbox 575 2295 639 2355; x_wconf 82' lang='lat' dir='ltr'><strong>quae</strong></span> <span class='ocrx_word' id='word_1_157' title='bbox 654 2283 718 2357; x_wconf 92' lang='lat' dir='ltr'><strong>pios</strong></span> <span class='ocrx_word' id='word_1_158' title='bbox 734 2283 831 2356; x_wconf 84' lang='lat' dir='ltr'><strong>decet,</strong></span> <span class='ocrx_word' id='word_1_159' title='bbox 856 2282 1010 2342; x_wconf 78' lang='lat' dir='ltr'><strong>amicitiem</strong></span> <span class='ocrx_word' id='word_1_160' title='bbox 1030 2281 1172 2342; x_wconf 86' lang='lat' dir='ltr'><strong>inivimus.</strong></span> <span class='ocrx_word' id='word_1_161' title='bbox 1211 2281 1392 2358; x_wconf 80' lang='lat' dir='ltr'><strong>Stipendium</strong></span> 
     </span>
    </p>

    <p class='ocr_par' dir='ltr' id='par_1_4' title="bbox 200 2384 1390 2780">
     <span class='ocr_line' id='line_1_18' title="bbox 200 2384 992 2462; baseline 0.009 -22"><span class='ocrx_word' id='word_1_162' title='bbox 200 2431 202 2440; x_wconf 33' lang='grc' dir='ltr'><strong>ι</strong></span> <span class='ocrx_word' id='word_1_163' title='bbox 225 2387 287 2462; x_wconf 79' lang='lat' dir='ltr'><strong>eJ&#39;us</strong></span> <span class='ocrx_word' id='word_1_164' title='bbox 302 2386 357 2446; x_wconf 79' lang='lat' dir='ltr'><strong>iuuit</strong></span> <span class='ocrx_word' id='word_1_165' title='bbox 371 2403 466 2446; x_wconf 86' lang='lat' dir='ltr'><strong>annus</strong></span> <span class='ocrx_word' id='word_1_166' title='bbox 479 2384 581 2446; x_wconf 85' lang='lat' dir='ltr'><strong>doreui</strong></span> <span class='ocrx_word' id='word_1_167' title='bbox 597 2392 708 2446; x_wconf 86' lang='lat' dir='ltr'><strong>centum</strong></span> <span class='ocrx_word' id='word_1_168' title='bbox 717 2392 846 2448; x_wconf 83' lang='lat' dir='ltr'><strong>monetae</strong></span> <span class='ocrx_word' id='word_1_169' title='bbox 861 2388 992 2448; x_wconf 78' lang='lat' dir='ltr'><strong>sueviooe.</strong></span> 
     </span>
     <span class='ocr_line' id='line_1_19' title="bbox 311 2489 1390 2568; baseline -0.002 -17"><span class='ocrx_word' id='word_1_170' title='bbox 311 2489 420 2551; x_wconf 81' lang='lat' dir='ltr'><strong>Eadem</strong></span> <span class='ocrx_word' id='word_1_171' title='bbox 441 2491 570 2552; x_wconf 86' lang='lat' dir='ltr'><strong>Mertino</strong></span> <span class='ocrx_word' id='word_1_172' title='bbox 593 2497 622 2551; x_wconf 87' lang='lat' dir='ltr'><strong>et</strong></span> <span class='ocrx_word' id='word_1_173' title='bbox 642 2507 695 2550; x_wconf 92' lang='lat' dir='ltr'><strong>suo</strong></span> <span class='ocrx_word' id='word_1_174' title='bbox 715 2493 868 2565; x_wconf 79' lang='lat' dir='ltr'><strong>symmistes</strong></span> <span class='ocrx_word' id='word_1_175' title='bbox 890 2499 1006 2554; x_wconf 87' lang='lat' dir='ltr'><strong>senatus</strong></span> <span class='ocrx_word' id='word_1_176' title='bbox 1026 2511 1080 2568; x_wconf 88' lang='lat' dir='ltr'><strong>per</strong></span> <span class='ocrx_word' id='word_1_177' title='bbox 1099 2500 1160 2555; x_wconf 89' lang='lat' dir='ltr'><strong>tres</strong></span> <span class='ocrx_word' id='word_1_178' title='bbox 1180 2495 1261 2555; x_wconf 85' lang='lat' dir='ltr'><strong>viros</strong></span> <span class='ocrx_word' id='word_1_179' title='bbox 1276 2507 1334 2552; x_wconf 93' lang='lat' dir='ltr'><strong>non</strong></span> <span class='ocrx_word' id='word_1_180' title='bbox 1347 2505 1390 2550; x_wconf 90' lang='lat' dir='ltr'><strong>so·</strong></span> 
     </span>
     <span class='ocr_line' id='line_1_20' title="bbox 223 2591 1390 2674; baseline -0.002 -14"><span class='ocrx_word' id='word_1_181' title='bbox 223 2598 281 2660; x_wconf 92' lang='lat' dir='ltr'><strong>lum</strong></span> <span class='ocrx_word' id='word_1_182' title='bbox 296 2595 377 2657; x_wconf 82' lang='lat' dir='ltr'><strong>verbi</strong></span> <span class='ocrx_word' id='word_1_183' title='bbox 392 2596 588 2670; x_wconf 90' lang='lat' dir='ltr'><strong>ministerium,</strong></span> <span class='ocrx_word' id='word_1_184' title='bbox 612 2597 664 2658; x_wconf 85' lang='lat' dir='ltr'><strong>sed</strong></span> <span class='ocrx_word' id='word_1_185' title='bbox 679 2598 804 2658; x_wconf 91' lang='lat' dir='ltr'><strong>omnium</strong></span> <span class='ocrx_word' id='word_1_186' title='bbox 824 2616 938 2674; x_wconf 86' lang='lat' dir='ltr'><strong>quoque</strong></span> <span class='ocrx_word' id='word_1_187' title='bbox 952 2603 1194 2660; x_wconf 88' lang='lat' dir='ltr'><strong>sacramentorum</strong></span> <span class='ocrx_word' id='word_1_188' title='bbox 1209 2591 1390 2660; x_wconf 83' lang='lat' dir='ltr'><strong>administru-</strong></span> 
     </span>
     <span class='ocr_line' id='line_1_21' title="bbox 222 2693 1390 2780; baseline -0.001 -18"><span class='ocrx_word' id='word_1_189' title='bbox 222 2703 328 2763; x_wconf 89' lang='lat' dir='ltr'><strong>tiouem</strong></span> <span class='ocrx_word' id='word_1_190' title='bbox 350 2701 513 2780; x_wconf 85' lang='lat' dir='ltr'><strong>probibuit,</strong></span> <span class='ocrx_word' id='word_1_191' title='bbox 537 2703 737 2777; x_wconf 66' lang='lat' dir='ltr'><strong>precipientes</strong></span> <span class='ocrx_word' id='word_1_192' title='bbox 761 2693 875 2777; x_wconf 70' lang='lat' dir='ltr'><strong>unoque</strong></span> <span class='ocrx_word' id='word_1_193' title='bbox 900 2720 936 2764; x_wconf 88' lang='lat' dir='ltr'><strong>ne</strong></span> <span class='ocrx_word' id='word_1_194' title='bbox 957 2704 1079 2779; x_wconf 85' lang='lat' dir='ltr'><strong>posthac</strong></span> <span class='ocrx_word' id='word_1_195' title='bbox 1096 2705 1235 2778; x_wconf 83' lang='lat' dir='ltr'><strong>templum</strong></span> <span class='ocrx_word' id='word_1_196' title='bbox 1259 2710 1390 2775; x_wconf 82' lang='lat' dir='ltr'><strong>tanquam</strong></span> 
     </span>
    </p>
   </div>
   <div class='ocr_carea' id='block_1_2' title="bbox 101 2787 1389 2886">
    <p class='ocr_par' dir='ltr' id='par_1_5' title="bbox 101 2787 1389 2886">
     <span class='ocr_line' id='line_1_22' title="bbox 101 2787 1389 2886; baseline -0.006 -14"><span class='ocrx_word' id='word_1_197' title='bbox 101 2787 104 2794; x_wconf 25' lang='lat'>¹</span> <span class='ocrx_word' id='word_1_198' title='bbox 182 2803 185 2807; x_wconf 76' lang='grc'><strong>’</strong></span> <span class='ocrx_word' id='word_1_199' title='bbox 222 2808 357 2886; x_wconf 87' lang='lat' dir='ltr'><strong>perroobi</strong></span> <span class='ocrx_word' id='word_1_200' title='bbox 377 2806 597 2882; x_wconf 73' lang='lat' dir='ltr'><strong>ingrederentur</strong></span> <span class='ocrx_word' id='word_1_201' title='bbox 606 2831 615 2882; x_wconf 90' lang='lat'><strong>‚·</strong></span> <span class='ocrx_word' id='word_1_202' title='bbox 637 2809 743 2870; x_wconf 86' lang='lat' dir='ltr'><strong>unllam</strong></span> <span class='ocrx_word' id='word_1_203' title='bbox 765 2825 878 2868; x_wconf 87' lang='lat' dir='ltr'><strong>oensem</strong></span> <span class='ocrx_word' id='word_1_204' title='bbox 893 2808 1113 2884; x_wconf 77' lang='lat' dir='ltr'><strong>praetendentes,</strong></span> <span class='ocrx_word' id='word_1_205' title='bbox 1129 2809 1184 2869; x_wconf 91' lang='lat' dir='ltr'><strong>nisi</strong></span> <span class='ocrx_word' id='word_1_206' title='bbox 1200 2807 1281 2882; x_wconf 83' lang='lat' dir='ltr'><strong>quod</strong></span> <span class='ocrx_word' id='word_1_207' title='bbox 1295 2807 1389 2868; x_wconf 78' lang='lat' dir='ltr'><strong>civims</strong></span> 
     </span>
    </p>
   </div>
   <div class='ocr_carea' id='block_1_3' title="bbox 221 2911 1466 4568">
    <p class='ocr_par' dir='ltr' id='par_1_6' title="bbox 223 2911 1388 3206">
     <span class='ocr_line' id='line_1_23' title="bbox 223 2911 1388 2988; baseline -0.004 -15"><span class='ocrx_word' id='word_1_208' title='bbox 223 2929 321 2982; x_wconf 82' lang='lat' dir='ltr'><strong>eornm</strong></span> <span class='ocrx_word' id='word_1_209' title='bbox 335 2929 395 2974; x_wconf 88' lang='lat' dir='ltr'><strong>non</strong></span> <span class='ocrx_word' id='word_1_210' title='bbox 409 2928 444 2972; x_wconf 89' lang='lat' dir='ltr'><strong>ea</strong></span> <span class='ocrx_word' id='word_1_211' title='bbox 460 2916 552 2986; x_wconf 88' lang='lat' dir='ltr'><strong>esset,</strong></span> <span class='ocrx_word' id='word_1_212' title='bbox 575 2919 639 2986; x_wconf 75' lang='lat' dir='ltr'><strong>que</strong></span> <span class='ocrx_word' id='word_1_213' title='bbox 660 2917 758 2987; x_wconf 88' lang='lat' dir='ltr'><strong>posset</strong></span> <span class='ocrx_word' id='word_1_214' title='bbox 778 2915 879 2972; x_wconf 83' lang='lat' dir='ltr'><strong>omseri</strong></span> <span class='ocrx_word' id='word_1_215' title='bbox 899 2915 1045 2976; x_wconf 74' lang='lat' dir='ltr'><strong>resuere</strong></span> <span class='ocrx_word' id='word_1_216' title='bbox 1079 2911 1164 2974; x_wconf 83' lang='lat' dir='ltr'><strong>certe</strong></span> <span class='ocrx_word' id='word_1_217' title='bbox 1178 2914 1301 2988; x_wconf 81' lang='lat' dir='ltr'><strong>pusillm</strong></span> <span class='ocrx_word' id='word_1_218' title='bbox 1322 2924 1388 2986; x_wconf 76' lang='lat' dir='ltr'><strong>pren</strong></span> 
     </span>
     <span class='ocr_line' id='line_1_24' title="bbox 223 3016 1388 3096; baseline -0.003 -17"><span class='ocrx_word' id='word_1_219' title='bbox 223 3018 338 3091; x_wconf 72' lang='lat' dir='ltr'><strong>censu,</strong></span> <span class='ocrx_word' id='word_1_220' title='bbox 355 3019 405 3092; x_wconf 83' lang='lat' dir='ltr'><strong>oui</strong></span> <span class='ocrx_word' id='word_1_221' title='bbox 419 3017 535 3079; x_wconf 92' lang='lat' dir='ltr'><strong>domiuo</strong></span> <span class='ocrx_word' id='word_1_222' title='bbox 551 3031 604 3077; x_wconf 90' lang='lat' dir='ltr'><strong>nec</strong></span> <span class='ocrx_word' id='word_1_223' title='bbox 622 3017 652 3080; x_wconf 91' lang='lat' dir='ltr'><strong>iu</strong></span> <span class='ocrx_word' id='word_1_224' title='bbox 667 3016 721 3078; x_wconf 90' lang='lat' dir='ltr'><strong>boc</strong></span> <span class='ocrx_word' id='word_1_225' title='bbox 736 3018 843 3094; x_wconf 92' lang='lat' dir='ltr'><strong>oppido</strong></span> <span class='ocrx_word' id='word_1_226' title='bbox 859 3018 962 3094; x_wconf 84' lang='lat' dir='ltr'><strong>deluit,</strong></span> <span class='ocrx_word' id='word_1_227' title='bbox 983 3018 1021 3080; x_wconf 93' lang='lat' dir='ltr'><strong>ob</strong></span> <span class='ocrx_word' id='word_1_228' title='bbox 1033 3017 1231 3080; x_wconf 86' lang='lat' dir='ltr'><strong>amovendum</strong></span> <span class='ocrx_word' id='word_1_229' title='bbox 1246 3021 1388 3096; x_wconf 73' lang='lat' dir='ltr'><strong>pastorem</strong></span> 
     </span>
     <span class='ocr_line' id='line_1_25' title="bbox 224 3111 1289 3206; baseline -0.002 -19"><span class='ocrx_word' id='word_1_230' title='bbox 224 3138 347 3187; x_wconf 67' lang='lat' dir='ltr'><strong>murore</strong></span> <span class='ocrx_word' id='word_1_231' title='bbox 362 3122 487 3184; x_wconf 81' lang='lat' dir='ltr'><strong>afficitur</strong></span> <span class='ocrx_word' id='word_1_232' title='bbox 502 3128 533 3184; x_wconf 87' lang='lat' dir='ltr'><strong>et</strong></span> <span class='ocrx_word' id='word_1_233' title='bbox 546 3124 690 3184; x_wconf 80' lang='lat' dir='ltr'><strong>Muttines</strong></span> <span class='ocrx_word' id='word_1_234' title='bbox 705 3124 800 3186; x_wconf 88' lang='lat' dir='ltr'><strong>animo</strong></span> <span class='ocrx_word' id='word_1_235' title='bbox 814 3125 971 3186; x_wconf 86' lang='lat' dir='ltr'><strong>christiano</strong></span> <span class='ocrx_word' id='word_1_236' title='bbox 984 3123 1042 3186; x_wconf 83' lang='lat' dir='ltr'><strong>fert</strong></span> <span class='ocrx_word' id='word_1_237' title='bbox 1055 3124 1129 3186; x_wconf 75' lang='lat' dir='ltr'><strong>bunc</strong></span> <span class='ocrx_word' id='word_1_238' title='bbox 1143 3111 1289 3206; x_wconf 70' lang='lat' dir='ltr'><strong>iniurium.</strong></span> 
     </span>
    </p>

    <p class='ocr_par' dir='ltr' id='par_1_7' title="bbox 311 3226 1073 3314">
     <span class='ocr_line' id='line_1_26' title="bbox 311 3226 1073 3314; baseline -0.003 -25"><span class='ocrx_word' id='word_1_239' title='bbox 311 3229 389 3290; x_wconf 86' lang='lat' dir='ltr'><strong>Nota</strong></span> <span class='ocrx_word' id='word_1_240' title='bbox 403 3230 440 3290; x_wconf 90' lang='lat' dir='ltr'><strong>de</strong></span> <span class='ocrx_word' id='word_1_241' title='bbox 453 3226 594 3289; x_wconf 83' lang='lat' dir='ltr'><strong>fidelitate</strong></span> <span class='ocrx_word' id='word_1_242' title='bbox 610 3228 757 3288; x_wconf 81' lang='lat' dir='ltr'><strong>chunradi</strong></span> <span class='ocrx_word' id='word_1_243' title='bbox 768 3230 841 3292; x_wconf 85' lang='lat' dir='ltr'><strong>¹coci.</strong></span> <span class='ocrx_word' id='word_1_244' title='bbox 1070 3305 1073 3314; x_wconf 19' lang='lat'><strong><em>⁴</em></strong></span> 
     </span>
    </p>

    <p class='ocr_par' dir='ltr' id='par_1_8' title="bbox 222 3331 1387 3512">
     <span class='ocr_line' id='line_1_27' title="bbox 310 3331 1387 3414; baseline 0 -22"><span class='ocrx_word' id='word_1_245' title='bbox 310 3333 420 3394; x_wconf 84' lang='lat' dir='ltr'><strong>Wsrdn</strong></span> <span class='ocrx_word' id='word_1_246' title='bbox 441 3333 529 3394; x_wconf 81' lang='lat' dir='ltr'><strong>hahet</strong></span> <span class='ocrx_word' id='word_1_247' title='bbox 547 3331 661 3396; x_wconf 89' lang='lat' dir='ltr'><strong>domum</strong></span> <span class='ocrx_word' id='word_1_248' title='bbox 681 3333 919 3411; x_wconf 83' lang='lat' dir='ltr'><strong>Teutonieorunr,</strong></span> <span class='ocrx_word' id='word_1_249' title='bbox 940 3342 973 3397; x_wconf 95' lang='lat' dir='ltr'><strong>ut</strong></span> <span class='ocrx_word' id='word_1_250' title='bbox 987 3343 1099 3414; x_wconf 85' lang='lat' dir='ltr'><strong>vocant,</strong></span> <span class='ocrx_word' id='word_1_251' title='bbox 1116 3342 1146 3396; x_wconf 89' lang='lat' dir='ltr'><strong>et</strong></span> <span class='ocrx_word' id='word_1_252' title='bbox 1160 3335 1322 3397; x_wconf 76' lang='lat' dir='ltr'><strong>coenobium</strong></span> <span class='ocrx_word' id='word_1_253' title='bbox 1334 3332 1387 3392; x_wconf 91' lang='lat' dir='ltr'><strong>Be·</strong></span> 
     </span>
     <span class='ocr_line' id='line_1_28' title="bbox 222 3414 1375 3512; baseline -0.002 -12"><span class='ocrx_word' id='word_1_254' title='bbox 222 3436 439 3510; x_wconf 86' lang='lat' dir='ltr'><strong>nediotiuorum,</strong></span> <span class='ocrx_word' id='word_1_255' title='bbox 455 3438 500 3498; x_wconf 91' lang='lat' dir='ltr'><strong>oui</strong></span> <span class='ocrx_word' id='word_1_256' title='bbox 516 3436 606 3498; x_wconf 80' lang='lat' dir='ltr'><strong>abbas</strong></span> <span class='ocrx_word' id='word_1_257' title='bbox 622 3443 737 3512; x_wconf 87' lang='lat' dir='ltr'><strong>praeest</strong></span> <span class='ocrx_word' id='word_1_258' title='bbox 909 3491 911 3496; x_wconf 77' lang='grc'>,</span> <span class='ocrx_word' id='word_1_259' title='bbox 1080 3461 1086 3468; x_wconf 79' lang='grc'><em>·</em></span> <span class='ocrx_word' id='word_1_260' title='bbox 1214 3414 1219 3430; x_wconf 31' lang='lat' dir='ltr'>L</span> <span class='ocrx_word' id='word_1_261' title='bbox 1373 3475 1375 3482; x_wconf 82' lang='lat'><em>·</em></span> 
     </span>
    </p>

    <p class='ocr_par' dir='ltr' id='par_1_9' title="bbox 221 3539 1386 4356">
     <span class='ocr_line' id='line_1_29' title="bbox 311 3539 1386 3617; baseline -0.005 -13"><span class='ocrx_word' id='word_1_262' title='bbox 311 3542 428 3604; x_wconf 76' lang='lat' dir='ltr'><strong>Werdae</strong></span> <span class='ocrx_word' id='word_1_263' title='bbox 448 3539 645 3604; x_wconf 85' lang='lat' dir='ltr'><strong>desidentibus</strong></span> <span class='ocrx_word' id='word_1_264' title='bbox 665 3546 694 3602; x_wconf 88' lang='lat' dir='ltr'><strong>et</strong></span> <span class='ocrx_word' id='word_1_265' title='bbox 717 3545 931 3617; x_wconf 73' lang='lat' dir='ltr'><strong>expectantibus</strong></span> <span class='ocrx_word' id='word_1_266' title='bbox 952 3539 1100 3606; x_wconf 79' lang='lat' dir='ltr'><strong>Liberium</strong></span> <span class='ocrx_word' id='word_1_267' title='bbox 1125 3550 1155 3605; x_wconf 87' lang='lat' dir='ltr'><strong>et</strong></span> <span class='ocrx_word' id='word_1_268' title='bbox 1173 3544 1333 3614; x_wconf 80' lang='lat' dir='ltr'><strong>Adriaoum</strong></span> <span class='ocrx_word' id='word_1_269' title='bbox 1353 3557 1386 3600; x_wconf 91' lang='lat' dir='ltr'><strong>en</strong></span> 
     </span>
     <span class='ocr_line' id='line_1_30' title="bbox 222 3647 1384 3728; baseline -0.001 -20"><span class='ocrx_word' id='word_1_270' title='bbox 222 3649 370 3725; x_wconf 80' lang='lat' dir='ltr'><strong>inopinate</strong></span> <span class='ocrx_word' id='word_1_271' title='bbox 384 3655 524 3726; x_wconf 69' lang='lat' dir='ltr'><strong>cognatus</strong></span> <span class='ocrx_word' id='word_1_272' title='bbox 538 3652 636 3708; x_wconf 90' lang='lat' dir='ltr'><strong>noster</strong></span> <span class='ocrx_word' id='word_1_273' title='bbox 651 3647 778 3708; x_wconf 82' lang='lat' dir='ltr'><strong>loannes</strong></span> <span class='ocrx_word' id='word_1_274' title='bbox 793 3667 811 3708; x_wconf 90' lang='lat' dir='ltr'><strong>e</strong></span> <span class='ocrx_word' id='word_1_275' title='bbox 825 3649 973 3726; x_wconf 77' lang='lat' dir='ltr'><strong>Relhberg</strong></span> <span class='ocrx_word' id='word_1_276' title='bbox 988 3668 1041 3712; x_wconf 93' lang='lat' dir='ltr'><strong>nos</strong></span> <span class='ocrx_word' id='word_1_277' title='bbox 1055 3653 1086 3710; x_wconf 94' lang='lat' dir='ltr'><strong>in</strong></span> <span class='ocrx_word' id='word_1_278' title='bbox 1100 3651 1225 3728; x_wconf 83' lang='lat' dir='ltr'><strong>hospitio</strong></span> <span class='ocrx_word' id='word_1_279' title='bbox 1240 3653 1321 3724; x_wconf 84' lang='lat' dir='ltr'><strong>adiit,</strong></span> <span class='ocrx_word' id='word_1_280' title='bbox 1341 3664 1384 3707; x_wconf 91' lang='lat' dir='ltr'><strong>ro·</strong></span> 
     </span>
     <span class='ocr_line' id='line_1_31' title="bbox 223 3739 1383 3832; baseline -0.004 -14"><span class='ocrx_word' id='word_1_281' title='bbox 223 3771 296 3830; x_wconf 68' lang='lat' dir='ltr'><strong>nans</strong></span> <span class='ocrx_word' id='word_1_282' title='bbox 311 3761 344 3816; x_wconf 86' lang='lat' dir='ltr'><strong>ut</strong></span> <span class='ocrx_word' id='word_1_283' title='bbox 358 3771 422 3815; x_wconf 88' lang='lat' dir='ltr'><strong>oum</strong></span> <span class='ocrx_word' id='word_1_284' title='bbox 437 3773 472 3816; x_wconf 88' lang='lat' dir='ltr'><strong>eo</strong></span> <span class='ocrx_word' id='word_1_285' title='bbox 486 3769 675 3816; x_wconf 81' lang='lat' dir='ltr'><strong>cmueremus.</strong></span> <span class='ocrx_word' id='word_1_286' title='bbox 700 3753 753 3814; x_wconf 85' lang='lat' dir='ltr'><strong>Cui</strong></span> <span class='ocrx_word' id='word_1_287' title='bbox 766 3754 834 3816; x_wconf 90' lang='lat' dir='ltr'><strong>dnm</strong></span> <span class='ocrx_word' id='word_1_288' title='bbox 848 3773 958 3818; x_wconf 89' lang='lat' dir='ltr'><strong>rnorem</strong></span> <span class='ocrx_word' id='word_1_289' title='bbox 972 3757 1105 3832; x_wconf 79' lang='lat' dir='ltr'><strong>gerimus,</strong></span> <span class='ocrx_word' id='word_1_290' title='bbox 1120 3757 1264 3817; x_wconf 83' lang='lat' dir='ltr'><strong>loannem</strong></span> <span class='ocrx_word' id='word_1_291' title='bbox 1273 3739 1314 3816; x_wconf 68' lang='lat' dir='ltr'><strong>&#39;ab</strong></span> <span class='ocrx_word' id='word_1_292' title='bbox 1328 3753 1383 3814; x_wconf 92' lang='lat' dir='ltr'><strong>Un-</strong></span> 
     </span>
     <span class='ocr_line' id='line_1_32' title="bbox 221 3859 1384 3938; baseline -0.002 -19"><span class='ocrx_word' id='word_1_293' title='bbox 221 3859 337 3934; x_wconf 72' lang='lat' dir='ltr'><strong>gsnadt,</strong></span> <span class='ocrx_word' id='word_1_294' title='bbox 353 3859 525 3920; x_wconf 82' lang='lat' dir='ltr'><strong>austriaeum</strong></span> <span class='ocrx_word' id='word_1_295' title='bbox 541 3861 678 3924; x_wconf 62' lang='lat' dir='ltr'><strong>monem</strong></span> <span class='ocrx_word' id='word_1_296' title='bbox 693 3859 839 3920; x_wconf 87' lang='lat' dir='ltr'><strong>incudem</strong></span> <span class='ocrx_word' id='word_1_297' title='bbox 853 3862 1102 3938; x_wconf 72' lang='lat' dir='ltr'><strong>hospitiocognati</strong></span> <span class='ocrx_word' id='word_1_298' title='bbox 1116 3863 1207 3923; x_wconf 76' lang='lat' dir='ltr'><strong>nostri</strong></span> <span class='ocrx_word' id='word_1_299' title='bbox 1223 3878 1286 3922; x_wconf 86' lang='lat' dir='ltr'><strong>esse</strong></span> <span class='ocrx_word' id='word_1_300' title='bbox 1301 3873 1384 3934; x_wconf 77' lang='lat' dir='ltr'><strong>agno·</strong></span> 
     </span>
     <span class='ocr_line' id='line_1_33' title="bbox 221 3963 1383 4042; baseline 0 -18"><span class='ocrx_word' id='word_1_301' title='bbox 221 3963 502 4038; x_wconf 69' lang='lat' dir='ltr'><strong>vinearetum</strong></span> <span class='ocrx_word' id='word_1_302' title='bbox 521 3966 698 4042; x_wconf 73' lang='lat' dir='ltr'><strong>cognominis</strong></span> <span class='ocrx_word' id='word_1_303' title='bbox 720 3965 764 4024; x_wconf 92' lang='lat' dir='ltr'><strong>sui</strong></span> <span class='ocrx_word' id='word_1_304' title='bbox 786 3965 987 4041; x_wconf 73' lang='lat' dir='ltr'><strong>etymologiam</strong></span> <span class='ocrx_word' id='word_1_305' title='bbox 1001 3967 1131 4028; x_wconf 82' lang='lat' dir='ltr'><strong>veritatis</strong></span> <span class='ocrx_word' id='word_1_306' title='bbox 1150 3973 1304 4042; x_wconf 89' lang='lat' dir='ltr'><strong>patronum</strong></span> <span class='ocrx_word' id='word_1_307' title='bbox 1317 3977 1383 4039; x_wconf 80' lang='lat' dir='ltr'><strong>pre·</strong></span> 
     </span>
     <span class='ocr_line' id='line_1_34' title="bbox 221 4065 1383 4148; baseline -0.002 -20"><span class='ocrx_word' id='word_1_308' title='bbox 221 4072 302 4128; x_wconf 80' lang='lat' dir='ltr'><strong>stans</strong></span> <span class='ocrx_word' id='word_1_309' title='bbox 317 4068 364 4146; x_wconf 86' lang='lat' dir='ltr'><strong>(ut</strong></span> <span class='ocrx_word' id='word_1_310' title='bbox 382 4073 427 4130; x_wconf 83' lang='lat' dir='ltr'><strong>sat</strong></span> <span class='ocrx_word' id='word_1_311' title='bbox 446 4070 532 4130; x_wconf 90' lang='lat' dir='ltr'><strong>homo</strong></span> <span class='ocrx_word' id='word_1_312' title='bbox 552 4068 632 4130; x_wconf 85' lang='lat' dir='ltr'><strong>verbi</strong></span> <span class='ocrx_word' id='word_1_313' title='bbox 655 4069 743 4130; x_wconf 86' lang='lat' dir='ltr'><strong>divini</strong></span> <span class='ocrx_word' id='word_1_314' title='bbox 766 4073 796 4130; x_wconf 91' lang='lat' dir='ltr'><strong>et</strong></span> <span class='ocrx_word' id='word_1_315' title='bbox 816 4069 933 4144; x_wconf 84' lang='lat' dir='ltr'><strong>pietatis</strong></span> <span class='ocrx_word' id='word_1_316' title='bbox 947 4069 1059 4148; x_wconf 86' lang='lat' dir='ltr'><strong>amaus)</strong></span> <span class='ocrx_word' id='word_1_317' title='bbox 1082 4073 1175 4134; x_wconf 89' lang='lat' dir='ltr'><strong>miuus</strong></span> <span class='ocrx_word' id='word_1_318' title='bbox 1189 4071 1298 4134; x_wconf 82' lang='lat' dir='ltr'><strong>fauoris</strong></span> <span class='ocrx_word' id='word_1_319' title='bbox 1311 4065 1383 4145; x_wconf 89' lang='lat' dir='ltr'><strong>apud</strong></span> 
     </span>
     <span class='ocr_line' id='line_1_35' title="bbox 221 4172 1381 4254; baseline 0.003 -21"><span class='ocrx_word' id='word_1_320' title='bbox 221 4172 438 4234; x_wconf 74' lang='lat' dir='ltr'><strong>Perdiuundum</strong></span> <span class='ocrx_word' id='word_1_321' title='bbox 457 4179 656 4248; x_wconf 79' lang='lat' dir='ltr'><strong>contraxerat,</strong></span> <span class='ocrx_word' id='word_1_322' title='bbox 680 4175 730 4248; x_wconf 86' lang='lat' dir='ltr'><strong>qui</strong></span> <span class='ocrx_word' id='word_1_323' title='bbox 749 4173 788 4234; x_wconf 84' lang='lat' dir='ltr'><strong>ab</strong></span> <span class='ocrx_word' id='word_1_324' title='bbox 801 4174 932 4250; x_wconf 72' lang='lat' dir='ltr'><strong>Anguem</strong></span> <span class='ocrx_word' id='word_1_325' title='bbox 950 4176 1008 4236; x_wconf 91' lang='lat' dir='ltr'><strong>huc</strong></span> <span class='ocrx_word' id='word_1_326' title='bbox 1021 4183 1150 4254; x_wconf 73' lang='lat' dir='ltr'><strong>renuat,</strong></span> <span class='ocrx_word' id='word_1_327' title='bbox 1171 4179 1297 4253; x_wconf 86' lang='lat' dir='ltr'><strong>quesibi</strong></span> <span class='ocrx_word' id='word_1_328' title='bbox 1312 4189 1381 4236; x_wconf 87' lang='lat' dir='ltr'><strong>eom·</strong></span> 
     </span>
     <span class='ocr_line' id='line_1_36' title="bbox 221 4277 1054 4356; baseline 0.007 -19"><span class='ocrx_word' id='word_1_329' title='bbox 221 4283 324 4355; x_wconf 76' lang='lat' dir='ltr'><strong>persto</strong></span> <span class='ocrx_word' id='word_1_330' title='bbox 339 4277 454 4354; x_wconf 76' lang='lat' dir='ltr'><strong>mvipio</strong></span> <span class='ocrx_word' id='word_1_331' title='bbox 468 4279 626 4356; x_wconf 79' lang='lat' dir='ltr'><strong>Lmoenum</strong></span> <span class='ocrx_word' id='word_1_332' title='bbox 639 4279 766 4338; x_wconf 74' lang='lat' dir='ltr'><strong>dustria</strong></span> <span class='ocrx_word' id='word_1_333' title='bbox 781 4280 967 4355; x_wconf 70' lang='lat' dir='ltr'><strong>navigaturus</strong></span> <span class='ocrx_word' id='word_1_334' title='bbox 982 4287 1054 4342; x_wconf 87' lang='lat' dir='ltr'><strong>erat</strong></span> 
     </span>
    </p>

    <p class='ocr_par' dir='ltr' id='par_1_10' title="bbox 221 4353 1466 4568">
     <span class='ocr_line' id='line_1_37' title="bbox 310 4353 1466 4466; baseline -0.001 -22"><span class='ocrx_word' id='word_1_335' title='bbox 310 4382 388 4444; x_wconf 77' lang='lat' dir='ltr'><strong>nne</strong></span> <span class='ocrx_word' id='word_1_336' title='bbox 411 4381 448 4444; x_wconf 83' lang='lat' dir='ltr'><strong>ee</strong></span> <span class='ocrx_word' id='word_1_337' title='bbox 470 4383 645 4458; x_wconf 64' lang='lat' dir='ltr'><strong>meum</strong></span> <span class='ocrx_word' id='word_1_338' title='bbox 673 4383 738 4446; x_wconf 79' lang='lat' dir='ltr'><strong>eote</strong></span> <span class='ocrx_word' id='word_1_339' title='bbox 758 4385 905 4452; x_wconf 77' lang='lat' dir='ltr'><strong>meeum</strong></span> <span class='ocrx_word' id='word_1_340' title='bbox 928 4386 1087 4446; x_wconf 71' lang='lat' dir='ltr'><strong>eremum</strong></span> <span class='ocrx_word' id='word_1_341' title='bbox 1106 4388 1136 4466; x_wconf 74' lang='lat' dir='ltr'><strong>re</strong></span> <span class='ocrx_word' id='word_1_342' title='bbox 1156 4388 1337 4464; x_wconf 61' lang='lat' dir='ltr'><strong>emese</strong></span> <span class='ocrx_word' id='word_1_343' title='bbox 1356 4389 1382 4444; x_wconf 81' lang='lat' dir='ltr'><strong>e</strong></span> <span class='ocrx_word' id='word_1_344' title='bbox 1445 4353 1466 4450; x_wconf 75' lang='lat'><strong>,⁰</strong></span> 
     </span>
     <span class='ocr_line' id='line_1_38' title="bbox 221 4487 1380 4568; baseline 0.002 -16"><span class='ocrx_word' id='word_1_345' title='bbox 221 4487 387 4566; x_wconf 71' lang='lat' dir='ltr'><strong>idum,</strong></span> <span class='ocrx_word' id='word_1_346' title='bbox 412 4489 492 4568; x_wconf 84' lang='lat' dir='ltr'><strong>quod</strong></span> <span class='ocrx_word' id='word_1_347' title='bbox 511 4489 742 4567; x_wconf 78' lang='lat' dir='ltr'><strong>cumplurimum</strong></span> <span class='ocrx_word' id='word_1_348' title='bbox 761 4490 797 4553; x_wconf 87' lang='lat' dir='ltr'><strong>de</strong></span> <span class='ocrx_word' id='word_1_349' title='bbox 811 4490 1091 4556; x_wconf 84' lang='lat' dir='ltr'><strong>sualortitudinest</strong></span> <span class='ocrx_word' id='word_1_350' title='bbox 1105 4495 1315 4558; x_wconf 77' lang='lat' dir='ltr'><strong>comtuntinds</strong></span> <span class='ocrx_word' id='word_1_351' title='bbox 1328 4490 1380 4554; x_wconf 81' lang='lat' dir='ltr'><strong>uis</strong></span> 
     </span>
    </p>
   </div>
   <div class='ocr_carea' id='block_1_4' title="bbox 0 0 1514 5112">
    <p class='ocr_par' dir='ltr' id='par_1_11' title="bbox 0 0 1514 5112">
     <span class='ocr_line' id='line_1_39' title="bbox 0 0 1514 5112; baseline 0 0"><span class='ocrx_word' id='word_1_352' title='bbox 0 0 1514 5112; x_wconf 95' lang='lat' dir='ltr'><strong> </strong></span> 
     </span>
    </p>
   </div>
  </div>
 </body>
</html>
