3020 5112
775 421 844 492 85⁰

315 609 398 671 Anno
413 608 521 672 domlui
545 608 628 670 1553
645 595 777 670 leonorii
796 607 844 668 die
865 602 1078 668 swithelmus
1101 611 1131 668 ct
1145 605 1287 684 Georgius
1301 605 1397 666 Erne-

226 721 287 776 stus
312 721 394 790 pater
418 720 448 775 ct
475 713 551 774 tilius
581 715 727 790 principes
756 717 786 772 et
807 712 924 772 comites
947 711 978 770 in
999 713 1173 789 Henneberg
1196 712 1398 774 Sebastianum

225 819 422 895 Vitaenhegen
436 825 582 895 satrapam
597 821 726 896 ipsorum
744 819 775 878 in
791 815 906 878 calcide
928 815 966 877 cd
985 833 1037 878 nos
1052 817 1229 880 Waldeciem
1247 819 1397 892 miserunt,

225 929 355 1000 petentes
370 929 403 986 ut
416 925 522 986 loanni
536 924 686 986 Friderioo
709 924 827 984 electori
846 939 955 983 morem
969 929 1172 998 praestaremus
1190 941 1227 984 ae
1239 923 1278 984 ed
1293 923 1398 984 Alhcr·

225 1029 496 1092 tumrmerchionem
509 1031 636 1092 Pressiee
657 1030 784 1104 legetum
806 1044 956 1106 ageremus
977 1030 1092 1090 nomine
1109 1030 1230 1090 Jounnis
1253 1028 1399 1098 Frideriqi

123 1137 127 1140 ’
226 1138 256 1196 et
269 1151 327 1196 une
341 1145 405 1196 oum
424 1135 536 1211 aliquot
555 1136 614 1196 suis
636 1135 807 1196 mislteris
821 1139 850 1196 et
863 1134 1020 1210 theologis,
1042 1139 1076 1194 nt
1097 1150 1133 1196 ex
1151 1132 1342 1212 infrascriptis
1357 1133 1398 1210 pii

224 1239 361 1315 principis
378 1240 457 1316 pium
471 1241 628 1316 prinoipem
643 1239 742 1301 uidere
758 1245 810 1300 est.

314 1345 454 1418 Quoniam
474 1362 566 1406 vanus
587 1349 631 1404 est
651 1345 860 1420 omnishomo,
886 1345 968 1406 mitte
988 1352 1021 1408 ιιι
1043 1345 1113 1405 mihi
1126 1345 1260 1420 angelum
1274 1343 1398 1418 consilii,

226 1449 339 1511 domino
355 1450 441 1525 deus,
465 1451 584 1512 uerhum
600 1456 629 1510 et
643 1455 767 1510 mentem
782 1452 886 1511 elmem
900 1456 979 1511 tuem
994 1451 1142 1511 dominum-
1152 1455 1283 1512 nostrum
1297 1449 1399 1510 iesum

228 1553 380 1630 Christum,
398 1556 447 1630 qui
462 1557 566 1632 spiritu
580 1571 632 1616 suo
647 1555 732 1631 bono,
750 1556 820 1630 quid
838 1553 914 1618 facto
929 1573 1001 1632 opus
1016 1559 1063 1632 sit,
1079 1555 1206 1616 instillet.
1233 1554 1337 1614 Amen.

313 1661 399 1722 Nono
414 1659 460 1722 die
474 1662 699 1722 dennutiienno
715 1661 822 1725 Christi
839 1663 921 1722 1553
938 1661 1086 1722 Weldeok.

313 1765 444 1828 mimum
459 1768 580 1828 sereneo
602 1772 662 1852 tna,
685 1767 765 1842 deus,
786 1767 924 1827 mirabile
944 1773 973 1827 et
987 1747 1165 1843 omnipotens
1180 1767 1211 1826 in
1224 1767 1292 1826 artis
1308 1765 1400 1826 roms-

225 1889 279 1934 nus
294 1873 373 1934 solus
387 1873 502 1946 sepiens
514 1874 611 1946 justus
627 1879 657 1933 et
669 1873 762 1932 honus
777 1877 807 1931 et
821 1888 889 1932 uere
911 1873 1016 1933 nullius
1031 1873 1212 1948 quantumvis
1229 1871 1259 1930 in
1274 1873 1400 1946 speeiem

224 1977 265 2054 pii
278 1979 356 2053 regis
371 1979 417 2037 vel
436 1979 621 2054 magistratus
642 1984 786 2052 sceptrum
806 1984 917 2038 rectum
939 1985 984 2038 est
1004 1984 1111 2053 praeter
1131 1979 1216 2038 unius
1231 1977 1401 2052 sempiterni

225 2088 256 2144 et
269 2101 288 2144 e
301 2087 385 2158 putre
400 2083 510 2146 coelesti
525 2100 613 2158 super
628 2083 698 2144 Sion
716 2089 845 2150 sendum
866 2090 991 2144 montem
1013 2101 1095 2146 sunm
1114 2083 1151 2144 eb
1166 2089 1276 2143 esterno
1292 2083 1400 2142 consti·
1421 2100 1424 2106 ·

225 2175 281 2254 tuti
295 2189 371 2264 regis
395 2190 477 2266 virge
497 2190 676 2250 rectitudinis
696 2190 779 2264 virge
802 2189 884 2264 regni
899 2191 951 2250 sui.
990 2191 1066 2250 Hine
1080 2190 1243 2266 experimur
1261 2205 1401 2262 proceres

224 2295 371 2370 religionis
391 2301 497 2356 nostrae
520 2295 662 2355 loannem
684 2295 864 2355 Fridericum
883 2296 1036 2356 electorem
1060 2295 1222 2370 proditione
1236 2311 1356 2356 suorum
1370 2295 1401 2354 in

225 2415 325 2460 monus
340 2400 466 2462 hostium
487 2401 627 2475 captivum
645 2399 808 2476 deuenisse,
832 2401 988 2460 Henricum
1008 2401 1161 2462 Otthoncm
1179 2401 1208 2460 ri
1228 2417 1401 2476 oppressum

225 2510 255 2564 et
269 2503 435 2578 regionibus
450 2507 509 2565 suis
525 2511 644 2592 exutum
659 2492 756 2582 fuisse,
772 2506 949 2582 Philippum,
971 2512 1004 2566 ut
1025 2507 1084 2566 suis
1100 2505 1300 2566 exterminium
1316 2505 1401 2566 ditio-

226 2627 294 2673 uum
309 2616 395 2686 etque
410 2609 580 2672 ieoultetum
594 2616 719 2686 caveret,
737 2628 789 2672 sue
804 2617 906 2688 sponte
920 2613 950 2671 in
966 2611 1126 2674 custodium
1146 2613 1262 2671 minime
1276 2609 1401 2672 liberum
1480 2609 1489 2616 ”

225 2731 256 2776 sc
270 2716 365 2794 ipsum
378 2716 526 2779 obtulisse.
549 2717 590 2776 Et
603 2711 791 2792 posteaquem
808 2718 846 2792 hi,
863 2734 985 2792 quorum
1000 2717 1107 2776 mentio
1121 2717 1169 2776 hic
1183 2715 1259 2778 lecte
1274 2723 1328 2794 est,
1345 2718 1397 2777 im-

224 2837 324 2882 mensu
338 2822 386 2882 dei
399 2822 544 2900 bonitate,
567 2823 617 2896 qui
635 2838 705 2890 suos
731 2823 762 2882 in
776 2821 860 2883 finem
877 2823 922 2900 (ut
934 2832 1000 2882 eum
1015 2822 1128 2883 Doride
1142 2818 1257 2898 loquer)
1274 2839 1334 2882 uon
1350 2823 1399 2883 de-

225 2927 375 3003 relinquit,
391 2927 535 2988 hilariori
555 2927 619 2986 illos
640 2928 786 2988 arridente
805 2925 920 2988 fortune
939 2930 1027 2988 terris
1047 2931 1106 2988 suis
1127 2927 1233 2989 redditi
1253 2932 1338 3002 sunt,
1363 2944 1399 2988 en

225 3037 307 3094 vetus
321 3034 371 3094 ille
385 3038 484 3094 noster
499 3033 698 3109 adversarium,
715 3036 765 3110 qui
778 3035 869 3096 leonis
883 3034 975 3094 instar
989 3035 1143 3126 rugientis,
1165 3017 1298 3108 quaerens
1314 3051 1399 3110 quem

224 3138 352 3214 devoret,
369 3139 506 3214 circumit,
526 3139 693 3214 Alhertum‚
713 3140 794 3214 eujus
810 3156 915 3200 nomen
930 3139 967 3199 oh
982 3142 1097 3216 pietatis
1112 3146 1142 3200 et
1156 3139 1322 3199 eximiarum
1338 3142 1397 3200 uir·

224 3249 317 3304 tutum
331 3243 461 3319 leudem,
483 3260 547 3318 queo
572 3261 631 3305 non
650 3244 788 3304 aliterec
804 3246 961 3319 perieterie
978 3244 1071 3306 herbe
1086 3245 1227 3333 excrevit,
1243 3245 1398 3306 multorum

224 3349 305 3408 libris
319 3347 467 3424 preeiixum
483 3355 536 3424 est,
552 3331 583 3407 in
599 3366 726 3432 errorem
740 3338 861 3410 induxit.
883 3351 1040 3422 ¹Discemue
1055 3352 1142 3426 igitur
1158 3349 1272 3410 domiuo
1288 3351 1398 3411 seruire

223 3454 255 3513 in
269 3454 372 3514 timore
387 3458 417 3513 et
431 3455 561 3514 exultare
576 3455 602 3514 ei
612 3471 677 3514 oum
689 3461 823 3531 tremore,
838 3462 868 3518 et
879 3474 937 3518 non
948 3458 979 3516 in
990 3458 1096 3517 nostris
1108 3455 1233 3516 consiliis
1245 3460 1275 3516 et
1289 3455 1407 3517 domini

227 3559 319 3635 donis,
329 3558 438 3634 quibus
453 3541 598 3620 abutimur
612 3561 742 3635 neglecto
757 3547 858 3623 delore
872 3563 941 3640 deo,
961 3563 1011 3630 sed
1025 3563 1055 3622 in
1070 3578 1120 3636 eo,
1138 3561 1177 3624 de,
1189 3577 1246 3636 quc
1260 3561 1398 3638 incapite

223 3663 290 3727 lihri
305 3666 441 3740 scriptum
455 3669 508 3738 est,
523 3666 605 3742 virge
615 3667 794 3728 rectitudinis
803 3669 884 3744 uirga
899 3670 982 3744 regni
996 3670 1038 3729 tui
1049 3667 1134 3728 fidem
1145 3672 1175 3728 et
1188 3680 1268 3742 spem
1283 3682 1398 3728 omnem

224 3771 374 3834 collocare.
413 3771 507 3845 Super
526 3775 622 3832 eutem
642 3772 725 3836 nobis
741 3771 855 3850 Christo
876 3775 991 3850 suspice
1011 3777 1041 3834 in
1064 3774 1110 3833 his
1132 3773 1222 3833 tentis
1236 3773 1320 3838 melis
1335 3775 1397 3832 heco

224 3884 289 3953 spes
305 3881 358 3952 cst,
374 3874 452 3951 quod
461 3878 545 3952 impii
561 3883 590 3938 et
604 3878 721 3952 tyranni
735 3877 792 3936 imo
805 3895 874 3940 uasa
884 3880 936 3938 irae
952 3881 1092 3941 tolluntur
1107 3881 1137 3940 in
1152 3880 1250 3954 cltum,
1265 3884 1299 3938 ut
1313 3880 1396 3956 lapsu

222 3983 357 4058 grauiore
371 3987 457 4042 ruent
471 3982 597 4056 nihilque
612 3981 658 4042 dei
674 3983 718 4042 sui
732 3983 890 4060 bonitatem
913 3992 1058 4048 morantes
1074 3990 1213 4046 aeternem
1228 3990 1336 4046 eeterue
1352 3987 1395 4044 in-

223 4093 346 4150 tereunt.
370 4067 416 4146 Pii
431 4103 499 4148 vero
515 4095 545 4149 et
558 4087 658 4151 fideles
675 4106 710 4149 ex
725 4091 785 4150 elto
799 4094 895 4166 ruunt,
912 4091 989 4152 utin
1005 4093 1172 4166 semetipsos
1189 4089 1396 4150 descendentes

222 4194 328 4268 agnitis
342 4194 467 4268 peccetis
483 4197 513 4251 ct
528 4198 646 4268 arrepta
660 4196 858 4255 misericordie
872 4194 1025 4272 perfidem
1040 4199 1070 4256 in
1083 4196 1196 4257 Christo
1211 4193 1396 4270 pucilioetcre

222 4302 385 4374 resurgent.
405 4298 469 4358 Hoc
480 4299 574 4373 ipsum
583 4297 703 4361 Alhcrto
713 4300 852 4376 nobisque
868 4301 997 4362 omnibus
1012 4302 1232 4376 benignissimus
1246 4305 1332 4376 puter
1346 4299 1396 4362 dc·

222 4404 292 4464 mini
307 4404 398 4464 nostri
412 4403 431 4464 J
433 4419 483 4462 esu
499 4401 605 4463 Christi
627 4397 665 4464 ch
685 4422 764 4482 cum,
789 4424 874 4482 quem
896 4423 950 4484 pro
972 4407 1054 4468 nohis
1069 4408 1213 4468 victimam
1227 4409 1291 4465 esse
1305 4405 1397 4466 voluit

222 4509 463 4570 inremissionem
478 4513 676 4586 peccatorum,
698 4529 752 4588 per
767 4513 909 4585 spiritum
920 4516 1050 4574 sunctum
1064 4527 1147 4572 suum
1162 4510 1200 4571 ed
1214 4509 1336 4570 nominis
1351 4510 1396 4570 sui
