3046 5104
698 351 762 416 tle

137 547 213 592 mus.
246 530 407 594 limaverat
425 535 518 600 autent
539 529 655 620 dominu
676 531 809 606 princeps
830 533 948 595 uerbum
968 533 1075 596 domini
1090 536 1145 596 sibi
1160 540 1189 596 et
1201 534 1317 618 familie

137 653 194 712 per
217 623 404 696 ecclesiasten
427 635 505 695 urbis
527 634 702 708 Augmtanue
724 637 905 712 annunciari,
930 641 979 712 qui
1008 656 1043 698 ex
1065 615 1135 715 cap„
1154 644 1171 699 3
1195 641 1317 700 Jcannis

139 740 424 814 cantorumque
446 739 492 798 die
516 740 667 801 Trinitatis
689 742 808 816 praelegi
828 742 1061 818 sclet‘ecclesiae‚
1085 745 1317 806 christianissime

138 845 290 918 exposuit,
315 845 447 918 inquiens
468 846 547 940 inter
567 851 676 904 cetera:
705 846 830 918 Verbum
853 847 959 906 domini
984 848 1111 920 quotidie
1134 846 1277 908 audimus
1288 855 1318 908 et

139 949 173 1010 id
191 965 246 1022 per
269 949 419 1044 multum
407 965 468 1034 ιιιι
490 954 613 1024 tempus,
637 949 690 1008 sed
709 951 779 1008 nibil
793 957 936 1024 praeterea
959 952 1118 1043 cogitamus
1136 937 1172 1010 de
1194 953 1314 1012 renova-

138 1056 221 1134 tione
235 1055 303 1112 vitae
324 1061 353 1112 et
371 1053 548 1126 aspiratione
566 1053 651 1126 hujus
670 1056 758 1114 venti.
789 1056 933 1115 Mutemns
952 1056 1041 1130 igitur
1060 1056 1215 1130 aliqnando
1234 1058 1314 1116 insti·

138 1163 235 1218 tntum
250 1158 326 1216 vitm.
357 1157 529 1232 Namsicut,
545 1158 646 1232 iuquit,
663 1157 752 1218 iacies
766 1163 818 1218 tna
831 1159 916 1223 modo
931 1161 1071 1242 pullescit,
1095 1177 1169 1218 nnnc
1183 1161 1316 1220 rubicun-

139 1263 204 1322 dior
219 1261 263 1336 ιιι,
288 1263 313 1320 si
328 1265 413 1320 vento
429 1259 552 1334 ιιιιιιιιι,
576 1263 619 1320 ita
633 1277 712 1322 mens
732 1267 832 1325 nostra
847 1262 942 1322 subito
958 1263 982 1322 si
996 1263 1033 1326 ab
1048 1265 1103 1324 hoc
1117 1281 1140 1324 s.
1157 1266 1259 1338 spiritu
1273 1265 1315 1326 ai-

139 1366 254 1440 demur,
278 1366 431 1424 innovatur
452 1370 506 1427 etc.
537 1365 628 1426 iussit
647 1383 761 1440 quoque
781 1369 837 1426 uim
857 1369 997 1428 orationis
1016 1369 1129 1444 piorum
1151 1371 1312 1430 considere·

139 1472 217 1545 mus,
243 1470 389 1530 adducens
405 1470 572 1560 exemplum
592 1471 680 1543 Eliae,
705 1473 793 1546 cnjus
790 1473 888 1532 unius
908 1472 1041 1563 precibus
1060 1473 1179 1532 coelum
1188 1476 1313 1534 clausum

139 1583 186 1636 ιιι
200 1581 232 1635 ιι
247 1593 348 1634 ιιιιιι
359 1576 460 1662 pluuia
479 1555 639 1650 descendit,
664 1578 723 1658 ut
715 1595 745 1636 m
759 1577 839 1638 libris
854 1595 955 1652 regum
969 1578 1130 1638 videret
1086 1584 1138 1637 est.

182 1681 319 1756 Apud
339 1680 548 1754 landtgravium
568 1653 690 1750 aderunt
708 1681 878 1750 Wilhelmus
893 1699 912 1741 ι
926 1683 1049 1756 Nassau,
1074 1682 1142 1741 Otto
1163 1683 1311 1742 aSahom·

141 1785 444 1860 bergarchiepiscopi
465 1784 641 1844 Coloniensis
661 1783 765 1858 irater,
790 1785 939 1846 Comedus
960 1804 979 1846 ι
998 1787 1154 1860 Bonebnrg
1175 1803 1262 1860 eques
1284 1793 1314 1846 et

141 1890 325 1952 Waldeclani
346 1893 479 1964 quatuor.
519 1889 621 1950 Comes
636 1889 805 1960 wilhelmus
826 1889 899 1948 dixit
913 1906 965 1950 nos
980 1890 1010 1950 in
1024 1886 1179 1948 crailinum
1195 1907 1214 1948 a
1228 1889 1311 1948 Colo·

142 1997 237 2056 nieusi
251 1996 386 2054 invitatos
401 1994 447 2068 iri,
463 1994 542 2068 qnod
554 2009 608 2054 nec
621 1997 728 2068 metuo,
744 2009 798 2052 neo
812 1987 889 2066 opto.

232 2099 358 2174 Experti
368 2115 466 2158 snmus
480 2099 511 2156 in
525 2098 580 2158 hoc
594 2099 657 2174 ipso
672 2098 816 2170 conuiuio,
837 2114 922 2170 qnam
945 2098 1033 2172 probe
1050 2097 1166 2158 domina
1180 2098 1312 2172 princeps

141 2224 162 2264 a
174 2204 322 2278 nonnullis
336 2203 424 2263 fuerit
438 2203 588 2277 instructa,
604 2208 636 2261 ut
649 2202 710 2262 fere
726 2199 888 2262 Coloniensi
902 2203 1101 2264 subscriberet

233 2308 343 2370 Eadem
358 2307 386 2368 d.
407 2310 539 2382 princeps
558 2308 701 2368 ioannem
719 2307 837 2368 fratrem
861 2310 1048 2370 nostrum-ad
1070 2308 1170 2394 ducem
1185 2308 1313 2368 Frideri-

141 2432 206 2476 ιιιιι
223 2415 378 2498 electorem
392 2414 482 2484 misit,
505 2417 537 2471 nt
552 2417 792 2494 misereremei,
815 2414 892 2493 quod
907 2415 1140 2484 hactenusdlnm
1155 2412 1314 2473 nonfuerit

140 2521 285 2592 elocuta,
309 2517 491 2590 praetendens
514 2517 591 2600 qnod
610 2519 763 2577 nesciverit
777 2535 815 2598 an
830 2513 867 2577 ob
887 2521 1001 2578 curaris
1017 2517 1234 2596 promerendam
1248 2535 1313 2592 gra·

129 2619 212 2684 ‘tiam
234 2624 300 2684 ad
292 2639 385 2698 ipsum
405 2622 501 2682 aditus
522 2639 560 2681 an
581 2637 662 2682 secus
685 2622 890 2682 incommodior
914 2622 1015 2684 luisset
1037 2631 1090 2684 etc
1129 2624 1246 2684 Elector
1268 2641 1313 2684 re·

111 2753 116 2763 *
139 2729 267 2804 spondit,
283 2729 354 2786 nibil
369 2726 498 2820 reiorum
517 2729 591 2786 scire
603 2727 785 2786 clementiam
800 2742 889 2800 suum,
910 2729 940 2795 iu
954 2743 1011 2800 que
1027 2733 1104 2786 statu
1118 2745 1165 2788 ιιι
1180 2744 1240 2787 sum
1255 2730 1314 2788 sint

140 2841 196 2895 etc.
222 2833 292 2894 Cum
307 2832 390 2913 multi
402 2837 592 2906 quererentur
607 2832 723 2892 nimium
737 2832 897 2892 cunctando
911 2847 964 2905 per
979 2833 1087 2892 aulicos
1099 2833 1212 2910 caesaris
1226 2834 1313 2902 mole·

140 2921 223 3000 stari
262 2941 413 2998 Inuentns
420 2941 464 2996 est
482 2937 532 3010 qui
551 2942 621 3000 ante
640 2952 752 3002 ιιιιιιιι
779 2935 875 2998 decem
895 2935 1010 2994 caesuris
1034 2949 1202 2996 consensum
1225 2952 1313 3012 super

142 3011 288 3106 nonnullis
313 3021 515 3103 donationibus
538 3041 708 3114 Noribergae
727 3045 874 3100 assecutus
896 3045 973 3113 erat,
998 3039 1076 3098 sed
1068 3058 1098 3098 ιι
1122 3041 1199 3100 hune
1222 3058 1313 3116 usquc

141 3151 218 3210 diem
232 3147 469 3222 subscriptionem
483 3146 596 3212 habere
605 3159 663 3204 uon
677 3147 780 3225 potuit

231 3255 311 3314 Baro
323 3251 360 3311 de
374 3251 462 3324 Blae,
479 3264 563 3324 quem
578 3254 669 3308 mater
684 3249 840 3322 legitimum
856 3265 919 3310 essu
932 3250 1068 3324 negabat,
1084 3249 1122 3310 ud
1137 3249 1310 3310 diemllene·

141 3362 183 3420 ris
198 3365 250 3439 aut
263 3356 374 3418 sabbati
390 3349 523 3428 elapsum
533 3355 588 3414 luc
603 3353 731 3432 captivus
746 3353 887 3416 adductus
903 3361 955 3430 est,
982 3360 1011 3414 et
1025 3357 1142 3422 timetur
1156 3355 1231 3414 illia
1246 3371 1312 3430 sup·

93 3492 99 3534 ·,
140 3465 228 3540 plicis
244 3463 356 3548 capitis.
402 3469 405 3476 '

231 3566 340 3626 Eadem
360 3583 379 3624 ι
397 3565 519 3639 prandio
534 3566 718 3648 Philippus
704 3582 779 3642 sonu
799 3565 851 3624 der
864 3563 979 3624 Brucke
994 3565 1107 3623 Livouii
1127 3566 1312 3638 magistratus

142 3675 255 3750 legatus
270 3671 394 3730 Interim
403 3671 508 3728 mentis
520 3671 596 3728 illius
610 3671 692 3729 nobis
706 3654 817 3742 copiam
831 3667 907 3728 iecit.

160 3841 166 3858 ι,
232 3777 320 3849 xxviij
335 3774 455 3849 Majid.
476 3775 633 3848 principem
649 3775 728 3834 iuter
748 3777 768 3831 4
789 3779 818 3831 ιι
840 3773 857 3828 5
878 3772 965 3831 horus
984 3787 1068 3830 mane
1087 3773 1152 3844 ejus
1169 3768 1226 3831 diei
1246 3787 1313 3838 con·

141 3883 270 3941 venimus
285 3896 320 3939 ιι
334 3897 397 3939 eam
411 3879 542 3938 Deonos
563 3895 622 3937 suae
643 3880 744 3951 gratim
765 3893 819 3950 pro
840 3891 920 3934 more
942 3876 1172 3936 commendantes
1193 3893 1228 3936 ac
1249 3891 1313 3938 eam

141 3986 192 4054 ubi
206 3985 436 4046 maledixeramus
450 3983 489 4044 ad
507 3983 665 4048 vehiculum
684 3981 879 4056 perduximus.
919 3979 1094 4040 Gerroberet
1113 3981 1245 4046 domiuus
1264 3999 1314 4044 cor

141 4093 276 4181 ipsius-et
292 4089 443 4163 Οιιιιιιιιιι
463 4104 523 4148 ιιι
542 4092 666 4147 mentem
687 4086 871 4148 christianam
893 4084 1076 4160 impartiatur
1097 4087 1217 4160 iterque¹
1231 4103 1313 4146 suum

140 4198 217 4258 bene
229 4194 365 4278 fortunat.
390 4191 537 4273 Oonradns
557 4191 758 4264 aBeyneberg
778 4205 866 4262 eques
884 4195 1002 4248 auratus
1022 4191 1114 4264 ipsam
1129 4192 1243 4252 Ulmam
1264 4192 1313 4252 de·

141 4300 232 4362 duxit.
372 4313 382 4322 ”

199 4438 203 4448 1
231 4403 355 4494 Deinde.
367 4405 398 4462 in
420 4402 527 4478 templo
548 4400 678 4461 Mauritii
698 4399 726 4460 d.
741 4370 1042 4462 loanneslieinuicus
1062 4409 1098 4460 ex
1121 4416 1183 4476 esp.
1212 4402 1262 4458 13·
1274 4398 1312 4458 ad
