3046 5104
667 387 731 454 148

195 567 225 626 Α
239 568 363 643 prandio
383 569 460 628 inter
483 567 653 632 famulitium
676 585 740 629 cunr
757 571 893 646 episcopo
913 572 944 629 in
963 587 1013 630 rus
1035 568 1281 646 obequitabamns,

103 671 157 732 sed
179 673 253 734 nihil
276 689 339 733 cum
363 691 397 735 eo
421 673 456 734 de
479 675 524 734 bis
545 675 644 750 rebus,
670 677 765 734 nescio
789 692 846 750 quo
866 675 950 751 genio
975 681 1169 750 repugnante,
1193 676 1281 736 locuti

103 793 217 837 snmus.

198 881 311 942 Eadem
325 883 355 942 in
369 883 433 944 loco
449 883 573 971 quodam
587 884 758 960 paludiuoso
778 888 816 948 ad
836 903 915 951 oram
930 887 1002 960 Lyci
1016 884 1139 944 fluminis
1154 886 1282 948 loannes

103 1005 123 1047 a
140 987 305 1060 Sebonstad
320 992 350 1046 et
365 1003 418 1062 ego
432 985 494 1047 iore
509 989 649 1050 submersi
664 1009 786 1070 mamus,
802 996 858 1054 nisi
873 1008 925 1054 nos
939 993 1096 1068 propitium
1110 991 1165 1054 Dei
1176 1007 1281 1053 numen

104 1093 166 1170 (oui
176 1071 246 1154 'lans
262 1097 291 1152 et
306 1093 464 1166 gratiarum
480 1091 568 1170 actio)
586 1104 739 1158 seruasset.

196 1197 376 1286 Volebamus
388 1199 530 1280 loannem
544 1201 624 1286 illum
635 1203 771 1264 Noricum
785 1206 948 1278 convenire,
965 1219 1064 1278 rerum
1078 1205 1104 1263 is
1116 1203 1182 1263 aliis
1197 1215 1279 1261 occu-

103 1311 191 1378 patus
207 1310 280 1365 erat.
716 1367 719 1378 ,
1120 1282 1126 1288 ’

195 1411 308 1472 Eadem
329 1411 496 1473 Hermanno
521 1413 617 1472 Nellio
643 1413 820 1489 herbarium,
849 1416 918 1474 itam
940 1413 1045 1474 librum
1071 1410 1231 1473 Bibliandri
1251 1416 1281 1470 et

102 1516 267 1591 Bullingeri
289 1533 342 1591 per
364 1517 497 1577 nuncium
517 1535 535 1578 a
559 1499 728 1595 Naumburg
747 1520 965 1596 transmisimus.
1004 1519 1131 1580 loannes
1153 1532 1280 1578 maresa

103 1621 237 1696 Retberg
252 1622 399 1682 nobiscum
414 1629 546 1709 coenatus
560 1629 613 1683 cst.
731 1669 735 1678 .

195 1727 224 1800 vj
240 1726 320 1788 lunii
338 1729 490 1802 intemplo
506 1730 652 1789 Minorem
667 1731 852 1790 concionator
867 1730 983 1803 quidam
999 1745 1157 1788 sermonem
1172 1729 1279 1803 populo

102 1832 174 1892 fecit
189 1849 226 1892 ex
243 1837 261 1892 2
278 1821 341 1907 cap.
357 1833 461 1894 loann.
478 1834 602 1910 apostoli
617 1835 745 1908 epistolae
765 1839 792 1893 1.
820 1835 937 1894 »Filioli
951 1815 1021 1906 mei,
1043 1832 1105 1890 baec
1119 1833 1213 1892 scribo
1228 1849 1278 1892 vo·

102 1939 159 2014 bis,
175 1955 213 1998 nc
227 1941 362 2014 peccetis,
380 1946 409 2000 et
423 1941 448 1999 si
464 1941 528 2013 quis
543 1941 712 2014 peccaverit,
730 1939 899 2000 advocatum
914 1939 1050 1998 habemus
1065 1939 1143 2013 apud
1158 1942 1278 2012 patrem,

102 2045 121 2104 J
123 2061 206 2104 esum
222 2043 368 2104 Christum
380 2046 500 2120 justum,
516 2051 547 2106 et
560 2045 681 2120 ipse‘est
694 2046 862 2122 propitiatio
877 2061 930 2120 pro
946 2043 1070 2119 puocatis
1090 2043 1205 2117 nostris,
1221 2058 1279 2102 non

102 2165 159 2223 pro
175 2151 281 2210 nostris
297 2154 395 2210 autem
408 2156 533 2226 tantum,
558 2150 609 2211 sed
628 2152 714 2234 etiam
729 2131 885 2224 protectus
899 2151 1007 2210 mundi.
1036 2149 1076 2208 Et
1090 2165 1143 2224 per
1156 2149 1212 2207 boc
1227 2149 1279 2206 soi·

103 2271 179 2331 mus,
197 2255 276 2329 quod
291 2256 473 2330 cognovmus
488 2271 561 2330 cum,
578 2257 603 2316 si
615 2257 696 2330 jussa
710 2257 1008 2317 illiusobsersamus.«
1026 2253 1082 2313 llic
1095 2255 1279 2314 condonatos·

103 2359 221 2435 docuit,
235 2361 306 2434 qnid
321 2359 348 2419 d.
365 2361 491 2421 loannes
507 2361 626 2436 singulis
642 2363 796 2436 scripserit.
834 2363 887 2422 His
902 2367 997 2420 autem
1013 2359 1108 2420 vorbis
1121 2360 1202 2418 illum
1217 2375 1277 2420 om·

101 2483 155 2526 nes
171 2466 344 2526 christianos
364 2467 471 2541 alloqui
495 2468 550 2541 ait,
569 2467 672 2540 iubens
693 2485 744 2553 nos
766 2469 921 2542 apeccatis
936 2483 1047 2526 cavere.
1086 2465 1278 2540 Posteaquam

101 2571 257 2644 autemid,
274 2572 412 2645 quamdiu
433 2589 548 2632 carnem
568 2579 597 2632 et
617 2575 785 2648 sanguinem
809 2575 839 2633 in
853 2574 908 2633 boc
923 2571 1028 2632 mundo
1043 2570 1277 2646 circumferimus,

101 2675 168 2736 fieri
183 2678 298 2752 nequit,
325 2679 394 2750 quin
414 2677 519 2740 alicubi
540 2695 703 2753 peccemus,
728 2681 783 2738 hoc
801 2678 829 2738 d.
852 2680 979 2740 loannes
1000 2675 1119 2735 remedii
1141 2676 1276 2751 ostendit,

100 2783 216 2842 scilieet
230 2783 308 2856 quod
322 2783 479 2843 habeamus
494 2783 671 2858 apudDeum
686 2783 853 2844 advocatum
869 2784 991 2857 uticum,
1008 2797 1065 2841 non
1080 2780 1149 2840 dicit
1163 2782 1276 2856 multos,

102 2894 133 2947 et
148 2905 186 2948 ex
201 2887 255 2946 boc
270 2889 333 2949 loco
350 2891 533 2948 concionator
547 2889 596 2948 ille
611 2905 677 2964 eos,
704 2890 752 2962 qui
775 2888 847 2948 alios
867 2894 918 2948 aut
937 2889 1034 2962 plures
1055 2886 1208 2948 advocatos
1224 2887 1276 2944 im·

101 2994 223 3068 plorant
253 2998 304 3053 aut
327 2994 521 3067 implorandos
545 2998 663 3068 putant,
694 2993 873 3053 severissime
899 2993 1071 3066 corripiebat
1098 2990 1277 3051 euidentibus

102 3100 260 3173 scripturae
275 3098 455 3158 testimoniis.
478 3099 577 3173 Hunc,
594 3099 630 3158 de
646 3115 702 3172 quo
717 3099 763 3157 bic
777 3100 904 3158 loannes
919 3098 1060 3170 loquitur,
1085 3097 1199 3180 unicum
1214 3111 1277 3154 esse

103 3203 296 3264 mediatorem
311 3206 387 3270 inter
401 3203 495 3262 Deum·
509 3211 539 3264 ct
553 3204 681 3263 homines
697 3211 751 3264 etc.
790 3204 830 3262 Et
845 3221 881 3263 ue
897 3203 959 3276 qaus
976 3201 1031 3261 sibi
1045 3202 1081 3262 de
1097 3202 1154 3260 alio
1169 3200 1275 3260 media·

102 3316 169 3369 tore
184 3310 321 3383 somniet,
343 3307 470 3368 loannes
486 3310 663 3383 evangelista
678 3316 708 3369 ct
730 3310 877 3385 apostolus
893 3325 956 3368 eum
972 3325 1007 3368 en
1022 3309 1135 3369 nominc
1150 3313 1233 3368 vocat
1248 3311 1278 3366 et

104 3414 242 3487 exprimit
255 3414 273 3473 J
275 3430 354 3473 esum
362 3413 505 3473 Christum
518 3415 636 3488 justum.
661 3416 733 3476 Item
747 3415 860 3476 dicebat
873 3415 953 3474 verbi
962 3415 1016 3474 Dei
1028 3414 1187 3473 ministrum
1201 3413 1277 3473 bono

104 3535 256 3579 oeconomo
271 3520 392 3578 similam
407 3535 470 3580 asse
484 3527 619 3594 oportere
635 3521 698 3598 (aut
712 3525 744 3579 ut
758 3537 810 3580 suo
830 3525 895 3580 utar
911 3517 1019 3594 verbis)
1036 3521 1132 3578 einen
1143 3518 1276 3593 Spietall·

103 3626 234 3684 meister.
258 3625 287 3683 Is
303 3626 377 3684 enim
392 3641 509 3685 neeesse
525 3627 624 3702 babet,
651 3643 687 3684 ne
708 3628 823 3700 aegrctis
839 3625 953 3686 eosdem
975 3641 1048 3698 quos
1064 3623 1222 3682 valentibus
1236 3623 1275 3680 ci·

103 3731 159 3790 bos
175 3746 320 3804 apponere
334 3737 479 3806 procuret,
509 3733 567 3792 alia
581 3747 694 3805 quoque
708 3729 817 3790 fereula
831 3728 995 3802 infantibus,
1012 3729 1070 3816 alia
1083 3727 1189 3788 adultis
1204 3743 1277 3802 prse-

105 3837 165 3896 bet.
205 3837 251 3896 lta
273 3837 453 3896 ecclesiastes
473 3836 656 3896 refricatione
680 3821 883 3910 legismentes
898 3833 1074 3908 peccantium
1090 3831 1234 3892 remordet
1248 3838 1278 3892 et

105 3942 308 4030 poenitentiam
330 3942 466 4016 inculcat,
488 3941 606 4000 infirmis
627 3942 673 4000 lac
687 3939 831 4015 preponit
851 3944 881 3998 et
895 3939 1076 4013 evangelium
1090 3939 1188 3996 laetum
1204 3955 1276 3998 aua·

105 4048 181 4105 cium
196 4029 345 4120 praedicat,
372 4049 445 4106 sicut
469 4045 598 4105 Christus
618 4045 860 4119 pseudodoctores
879 4042 956 4102 bures
971 4049 1001 4103 et
1014 4045 1142 4103 latrones
1157 4045 1276 4118 appelli·

105 4156 159 4226 tat,
176 4158 207 4212 et
220 4152 368 4226 prophetae
384 4153 451 4212 olim
465 4152 657 4226 asperioribus
672 4149 768 4211 vorbis
783 4151 813 4208 in
828 4149 929 4225 impios
944 4149 1048 4209 invecti
1064 4155 1139 4210 sunt.
1179 4148 1276 4209 Poeni-

105 4258 206 4316 tentiae
221 4259 298 4316 enim
322 4257 451 4317 doctrina
474 4257 582 4316 latitia
598 4255 738 4329 evangelii
753 4271 866 4315 annexa
880 4259 940 4328 est,
965 4255 1043 4328 quod
1058 4261 1088 4314 et
1103 4255 1233 4316 Christus
1247 4256 1278 4312 in

105 4361 245 4436 parabola
261 4363 297 4422 de
313 4380 356 4437 ec,
374 4363 422 4436 qui
437 4364 467 4420 in
482 4363 608 4423 latrones
624 4361 773 4436 inciderat,
795 4363 840 4419 cui
855 4361 1047 4435 pandocbaeus
1061 4361 1158 4418 vinum
1174 4365 1203 4418 et
1217 4359 1276 4416 cle·

106 4485 154 4528 um
167 4470 199 4528 in
222 4469 343 4530 vulnera
363 4466 482 4543 inludit,
508 4468 613 4529 docuit.
666 4467 763 4526 Primo
778 4468 853 4527 enim
867 4467 964 4526 vinum
978 4465 1149 4538 mordacius,
1165 4463 1220 4522 boa
1234 4467 1279 4521 est
