3054 5110
819 429 863 494 62

251 603 325 674 hano¹
344 615 489 676 voluerint
508 615 609 674 horum
628 614 781 675 verborum
800 627 863 672 esse
884 611 1065 683 sententiam,
1090 609 1179 668 Pater
1198 611 1292 684 major
1310 625 1359 668 me
1375 615 1428 670 est.

254 719 328 791 Quia
348 721 466 780 coeleste
484 735 604 795 regnum
624 726 654 780 et
674 719 767 793 gloria
785 719 830 776 his
849 713 1032 776 inferioribus
1055 715 1220 790 gauderetis
1235 717 1336 789 ntique
1351 717 1431 790 quod

252 825 283 882 in
297 825 434 898 majorem
448 831 602 885 transeam.
633 825 704 882 Haeo
723 822 863 898 expositio
883 827 977 880 antem
999 835 1052 880 neo
1072 820 1221 880 melanes
1241 822 1360 896 quidem
1380 823 1431 880 im-

253 928 402 1002 probanda
417 936 469 990 est.
500 929 573 988 Mihi
588 934 682 988 antem
697 927 807 1000 videor,
830 929 855 986 si
869 925 959 985 verba
975 925 1081 985 Christi
1097 927 1262 1000 diligentius
1278 929 1430 987 excutian-

253 1037 310 1108 tur,
327 1035 429 1094 horum
444 1037 596 1108 genuinam
609 1034 685 1092 hano
699 1033 790 1094 videri
806 1033 985 1091 sententiam.
1016 1027 1090 1102 Quia
1104 1035 1189 1104 pater
1202 1032 1297 1104 major
1312 1047 1361 1090 me
1372 1037 1430 1104 est,

254 1139 419 1212 gauderetis
433 1139 541 1212 otique,
566 1139 643 1211 qnod
659 1139 849 1199 obedientiam
863 1138 940 1212 patri
954 1140 1097 1210 praestem,
1122 1137 1195 1194 sient
1214 1135 1251 1194 ab
1273 1137 1339 1210 ipso
1354 1151 1430 1210 prae-

255 1245 417 1304 ordinatum
436 1249 489 1318 est,
513 1248 650 1319 etopus,
675 1243 752 1317 quod
771 1244 834 1318 ipse
856 1243 925 1302 mihi
943 1243 1076 1316 injunxit,
1099 1239 1247 1315 perficiam
1265 1247 1296 1300 et
1316 1241 1348 1299 in
1372 1247 1432 1299 tam

255 1349 439 1407 excellentem
461 1349 581 1422 gloriam
596 1363 786 1408 vutoneessurns
807 1345 1013 1408 ad'dexteram
1033 1345 1089 1405 Dei
1111 1347 1203 1420 patris
1222 1351 1355 1407 revertar
1377 1351 1430 1404 eto.

253 1453 370 1512 Monuit
388 1458 418 1511 et
436 1452 499 1526 hoe,
516 1451 669 1526 discipulos
688 1454 802 1526 qnidam
823 1455 968 1513 dominum
990 1467 1099 1510 summo
1119 1466 1217 1510 amore
1238 1455 1432 1524 prosequutos

255 1553 356 1630 inisse,
380 1557 513 1616 nimirum
535 1557 565 1615 in
588 1559 807 1633 primogradn,
831 1557 886 1616 hoo
910 1562 967 1632 eat,
991 1557 1034 1616 ita
1057 1555 1201 1616 Christum
1223 1557 1377 1630 amabant,
1401 1560 1434 1612 ut

256 1663 410 1736 prasentia
428 1669 458 1720 et
476 1663 683 1724 consuetudine
702 1679 755 1724 sna
774 1663 881 1722 diutins
901 1659 959 1720 irni
978 1667 1124 1734 superent.
1161 1660 1258 1732 Quare
1280 1667 1311 1720 et
1332 1659 1372 1718 oh
1392 1660 1432 1732 id,

257 1765 334 1839 quod
348 1766 443 1826 abitus
457 1767 502 1824 sni
517 1769 689 1827 mentionem
703 1765 826 1841 ferisset,
843 1767 985 1825 tristiores
1000 1765 1108 1825 redditi
1123 1771 1199 1824 sunt.
1222 1766 1322 1824 Minus
1335 1771 1434 1824 antem

257 1871 382 1931 seeundo
402 1873 513 1932 amoris
528 1871 629 1946 gradm
650 1871 854 1945 satisfecerint,
877 1872 999 1944 seilicet,
1023 1870 1091 1943 quia
1109 1869 1302 1929 obedientiam
1323 1869 1434 1928 domini

257 1991 327 2050 erga
349 1983 474 2051 patrem,
499 1983 529 2034 et
548 1993 624 2050 eam,
649 1979 679 2035 in
701 1991 786 2050 qnam
809 1975 939 2034 Christus
960 1977 1130 2034 introiturus
1151 1951 1220 2034 erat
1234 1975 1435 2050 gloriamnon

258 2082 317 2139 suis
337 2079 485 2141 affectibus
505 2087 535 2140 et
554 2083 698 2154 eorporali
721 2081 828 2142 Christi
847 2083 1003 2153 presentie
1023 2080 1213 2154 praetulerint.
1251 2081 1335 2139 Dixit
1358 2083 1436 2140 enim

260 2185 390 2245 Christus
399 2184 591 2244 «Gauderetis
603 2186 712 2259 utique,
727 2187 795 2258 quia
805 2191 890 2260 pater
903 2187 996 2260 major
1004 2202 1050 2244 me
1064 2191 1139 2259 est«,
1150 2185 1232 2258 quasi
1245 2185 1331 2260 dieat,
1345 2185 1436 2245 «Non

258 2289 297 2348 ob
316 2289 347 2347 id
369 2289 498 2348 abiturus
520 2305 590 2363 snm,
615 2289 693 2362 quod
708 2291 796 2349 nolim
810 2289 917 2350 diutius
932 2289 1081 2349 nobiseum
1093 2292 1124 2350 in
1137 2291 1224 2350 terris
1241 2290 1358 2365 degere,
1384 2295 1435 2350 ant

259 2392 334 2478 qnod
350 2393 439 2453 vestri
453 2396 593 2466 pertaesus
608 2394 674 2466 sim;
692 2393 743 2454 sed
757 2395 823 2468 quia
839 2401 922 2470 pater
937 2397 1030 2468 major
1045 2412 1099 2470 me,
1113 2401 1196 2456 votat
1208 2413 1254 2454 me
1269 2396 1437 2456 obedientie

259 2499 336 2572 patri
350 2485 525 2572 praestanda,
548 2505 585 2558 nt
596 2515 668 2574 opus
682 2499 887 2572 redemptionis
906 2501 1082 2573 eompleatnr
1101 2505 1131 2560 et
1150 2500 1188 2559 nd
1205 2501 1333 2573 priorem
1347 2493 1434 2560 olari·

259 2608 348 2662 tatam
363 2608 393 2662 et
406 2607 536 2678 paratam
552 2601 621 2668 mihi
635 2604 756 2678 gloriam
771 2603 932 2664 concedam.
971 2605 1051 2679 Haeo,
1074 2606 1201 2680 inquam,
1224 2607 1248 2662 si
1263 2605 1355 2680 prohe
1370 2623 1436 2682 per-

259 2706 431 2783 penderetis,
455 2707 620 2782 gauderetis
639 2711 734 2782 potius
754 2725 839 2783 quam
859 2710 1131 2782 contristamini«
1170 2711 1285 2770 Douens
1301 2711 1435 2771 dominus

259 2811 317 2870 hoo
329 2813 467 2889 exemplo,
492 2815 569 2890 quod
589 2815 751 2874 obedientia
771 2820 801 2874 et
819 2814 858 2889 id,
881 2817 913 2874 in
935 2815 1010 2888 qnod
1031 2817 1133 2896 missus
1154 2821 1225 2888 erat,
1250 2818 1343 2875 amori
1365 2832 1437 2890 erga

231 2989 235 2993 Ι
261 2917 415 2992 discipulos
430 2926 459 2979 et
473 2921 567 2979 earnis
583 2919 731 2980 affectibus
746 2921 881 2994 praetulit.
912 2921 988 2980 Nam
1002 2919 1117 2980 sciehat
1131 2921 1172 2979 sio¹
1187 2920 1282 2980 Deum
1297 2921 1436 2981 dilexisse
1513 2991 1514 3010 χ

261 3023 406 3099 mundum,
431 3031 464 3084 nt
481 3025 556 3084 huno
575 3022 665 3084 filium
685 3043 768 3086 suum
787 3025 909 3099 dederit,
933 3041 990 3098 quo
1011 3027 1113 3101 omnis,
1137 3027 1187 3099 qui
1205 3026 1299 3086 eredit
1312 3027 1344 3085 in
1359 3043 1435 3102 eum,
1513 3015 1514 3066 ἶ

260 3145 318 3189 non
333 3135 443 3206 pareat,
467 3131 519 3191 sed
537 3131 625 3190 vitam
645 3137 781 3191 aternam
803 3130 923 3202 habeat;
947 3145 1000 3189 nos
1020 3131 1074 3189 deo
1094 3130 1158 3204 plus
1178 3130 1295 3190 obedire
1316 3131 1435 3205 debere,
1513 3137 1514 3166 l

261 3241 390 3308 utquam
411 3237 564 3308 unicuique
584 3237 762 3295 vocationem
779 3237 841 3310 ipse
855 3235 1026 3308 injunxerit,
1049 3234 1163 3308 privato
1183 3251 1280 3294 amore
1301 3242 1332 3295 et
1351 3235 1437 3296 aileu·

262 3341 337 3398 tibus
358 3341 495 3412 majorem
516 3340 620 3398 ducere
635 3339 750 3399 debere.
781 3340 866 3413 Nam,
887 3341 980 3414 inquit
993 3340 1151 3413 Musonius,
1175 3356 1256 3399 amor
1276 3342 1355 3400 intra
1370 3357 1437 3400 nor-

262 3459 337 3501 mam
353 3444 473 3516 Justitiae
489 3451 665 3518 permaneat.
695 3445 944 3519 Exempli'gratia.
976 3443 1120 3519 Putares,
1143 3444 1250 3503 liberos
1265 3445 1356 3505 ehara
1370 3461 1437 3504 oon·

259 3548 334 3623 jugii
351 3548 473 3622 pignora
491 3553 590 3608 tenere
610 3547 718 3624 diligis;
737 3551 817 3624 justa
839 3555 883 3609 est
895 3555 934 3608 *et
956 3566 1039 3624 aqua
1061 3551 1123 3609 haao
1143 3550 1261 3624 storgia.
1298 3548 1438 3610 Attamen

263 3655 304 3714 ita
322 3665 373 3712 eos
395 3645 503 3726 amato,
527 3669 564 3712 ne
583 3655 660 3728 ipsos
681 3653 745 3714 Duo
764 3653 903 3728 praeieras
921 3658 953 3712 et
972 3655 1029 3714 illis
1048 3661 1150 3715 eontra
1169 3654 1225 3714 Dei
1245 3645 1386 3716 mandata
1409 3663 1439 3716 et

259 3759 379 3831 institia
405 3771 533 3818 normam
555 3774 623 3819 eave
649 3761 810 3820 conniveas.
856 3759 971 3819 Amisus
993 3759 1046 3818 tibi
1068 3761 1171 3834 aliquis
1194 3766 1252 3834 est,
1275 3761 1331 3826 tibi
1353 3764 1438 3820 unice

264 3860 352 3935 tondi,
369 3863 415 3922 oui
430 3864 460 3922 in
475 3864 605 3924 omnibus
620 3881 728 3926 morem
743 3881 844 3938 gerere
859 3866 965 3938 cupias.
989 3864 1030 3923 At
1044 3882 1109 3924 eum
1123 3867 1165 3925 ita
1180 3871 1286 3941 amato,
1300 3883 1338 3926 ne
1354 3869 1439 3926 amisi

264 3983 351 4027 musa
369 3967 424 4028 Dei
443 3971 526 4044 hem,
549 3972 652 4030 animae
671 3967 728 4032 tuae
748 3970 915 4045 pericnlum,
939 3975 989 4030 aot
1007 3975 1092 4046 turpe
1112 3971 1182 4044 qnid
1203 3972 1247 4029 vel
1267 3972 1372 4030 subeas
1392 3972 1439 4032 vel

264 4074 432 4134 committas.
463 4074 556 4144 Filius¹
573 4075 695 4138 familias
715 4094 754 4151 es,
777 4077 821 4135 sic
840 4080 953 4151 patrem
972 4077 1123 4150 reveritor,
1147 4093 1183 4134 ne
1198 4079 1295 4134 amen
1310 4075 1438 4136 coelestis

264 4178 339 4237 illius
354 4181 445 4253 patris
459 4180 597 4241 honorem
615 4183 773 4242 imminuas.
808 4183 895 4256 Item,
918 4171 942 4239 si
962 4197 1019 4253 qua
1039 4180 1078 4239 ad
1097 4179 1153 4239 Dei
1172 4181 1293 4255 gloriam
1312 4185 1365 4239 aut
1383 4181 1439 4239 rei·

265 4281 386 4357 publieae
405 4283 565 4359 profectum
584 4303 730 4362 vocemur,
755 4303 920 4362 quanquam
938 4294 1058 4346 uxorem
1079 4291 1110 4346 et
1130 4285 1236 4346 liberos
1260 4301 1388 4344 amemus
1410 4289 1439 4343 et

243 4390 379 4464 nostris,
403 4397 435 4452 nt
453 4408 566 4467 aequum
587 4400 644 4468 est,
667 4393 740 4453 bene
760 4407 885 4464 praeesse
905 4391 1060 4466 cupiamus,
1084 4397 1180 4450 tamen
1199 4391 1244 4450 his
1264 4389 1437 4465 posthabitis

265 4494 379 4559 domino
392 4497 530 4558 honorem
543 4498 641 4559 demus
655 4503 685 4558 et
702 4509 854 4570 pareamus
868 4497 991 4558 vocanti.
1030 4496 1180 4570 Similiter,
1205 4497 1230 4556 si
1250 4511 1322 4556 ernx
1341 4493 1437 4570 perie-

1390 4595 1411 4631 0
