3020 5112
651 407 714 475 ltu

83 593 173 651 antes
188 584 345 650 habehant.
368 585 452 648 Licet
466 589 542 648 enim
555 591 629 648 teste
644 588 672 648 d.
688 587 780 648 Paulo
795 587 888 648 Deum
908 604 944 648 ex
959 587 1109 652 elementis
1124 592 1221 653 murrdi
1238 598 1268 654 ιι

83 695 239 754 creatione
258 710 357 754 rerum
376 694 560 768 agnoverint,
586 699 682 754 umen
700 699 733 752 ιιι
748 697 778 752 ιι
792 691 952 764 abeodem
967 693 1005 753 ud
1018 695 1102 754 Rom.
1118 697 1132 756 Ι
1146 698 1264 771 culpan·

83 805 143 873 tur,
162 815 225 858 uon
239 803 273 858 ut
287 798 382 858 Deum
402 799 448 861 vel
462 796 695 872 glorificaverunt
713 799 759 858 vel
773 799 960 858 honorarunt.
999 799 1095 871 Quare
1110 805 1141 860 et
1153 801 1183 860 hi
1196 818 1266 862 con·

83 904 200 964 enitere
217 902 347 962 Sathena
366 902 404 962 oh
424 903 576 964 ueritatem
596 900 794 962 christifideles
814 902 978 964 enormibus
998 903 1144 978 suppliciis
1159 909 1189 964 et
1202 921 1267 964 cru-

84 1008 239 1068 delissimo
255 1007 394 1080 martyrio
409 1005 584 1066 afflixerunt
622 1007 737 1068 Pseudo
756 1023 826 1068 vero
849 1007 997 1068 christiani
1019 1009 1090 1068 nihil
1104 1009 1197 1090 minus
1212 1010 1266 1070 sihi

84 1113 230 1188 imputari
250 1113 362 1184 sinunt,
384 1127 470 1184 quam
492 1099 569 1185 quod
589 1110 732 1172 Christum
751 1117 782 1172 ct
804 1127 870 1172 suos
891 1113 928 1172 ob
947 1113 978 1174 id
993 1112 1071 1186 quod
1086 1111 1199 1174 Christo
1214 1129 1265 1178 no·

84 1219 167 1276 mino.
183 1216 320 1278 dederint
334 1222 363 1276 et
378 1215 485 1276 Christi
499 1217 674 1279 voluntatem
688 1217 869 1291 emundent,
885 1222 1106 1292 persequantur,
1126 1219 1178 1278 sed
1193 1218 1265 1279 alias

84 1337 193 1382 causas
209 1321 376 1382 crudelitati
390 1326 419 1380 et
434 1321 569 1394 neqmtiae
584 1337 644 1380 sue
659 1321 842 1395 pretendunt
858 1321 926 1400 (hoc
939 1327 1035 1382 ιιιιιιιι
1049 1323 1170 1396 putavit,
1187 1322 1265 1396 quod

84 1425 122 1484 de
136 1426 260 1486 Arianis
274 1441 326 1498 per
340 1425 503 1484 Musculum
518 1441 602 1490 versa
617 1425 723 1499 pagine
738 1426 845 1484 dictum
858 1423 973 1502 scripsi)
989 1427 1098 1486 scilicet
1112 1427 1191 1500 quod
1206 1429 1265 1486 sint

84 1529 221 1590 homines
244 1530 393 1590 seditionis
412 1535 559 1604 armantes,
582 1529 731 1590 traditioni
753 1536 866 1604 patrum
880 1529 1060 1606 refragentes
1076 1537 1105 1592 ct
1118 1523 1200 1592 illum
1215 1534 1265 1606 curi

86 1633 175 1693 modo
193 1639 238 1694 est
252 1634 380 1694 ecclesias
395 1649 463 1692 usus
478 1633 680 1708 perturbantes
689 1640 743 1694 etc.
767 1636 813 1694 lta
828 1641 857 1694 et
872 1640 970 1696 nostro
980 1637 1077 1696 secrdo
1092 1653 1152 1696 non
1166 1637 1196 1694 in
1211 1652 1264 1702 nos

85 1739 229 1812 ιιιιίιιιιι,
257 1739 335 1812 quod
349 1739 528 1812 evangelium
543 1739 762 1812 renunciemus,
784 1739 836 1798 sed
858 1739 936 1812 quod
951 1741 1039 1798 simus
1053 1741 1192 1814 haeretici,
1215 1741 1265 1813 qui

84 1859 156 1904 rere
173 1844 324 1904 sennem
339 1843 505 1916 predicent.
542 1843 615 1902 Hac
633 1847 730 1902 cutem
752 1843 855 1902 solatio
870 1842 953 1902 nobis
969 1861 1032 1904 esse
1048 1845 1171 1917 debent,
1186 1844 1264 1917 quod

86 1947 224 2008 Christus
249 1949 335 2008 dixit:
359 1948 430 2008 Haec
449 1950 546 2008 omnia
563 1952 681 2021 propter
705 1963 808 2007 nomen
827 1963 922 2006 meum
944 1945 1050 2008 facient
1070 1948 1169 2021 vohis,
1186 1946 1266 2019 quod

87 2053 172 2126 digni
187 2053 350 2112 habeantur
368 2051 455 2112 ¹haec
470 2054 530 2128 pati
545 2057 665 2126 propter
679 2067 783 2111 nomeu
806 2051 921 2112 domini.
960 2051 1050 2112 Addit
1065 2033 1179 2125 quoque
1195 2052 1265 2124 quid

87 2164 169 2218 esset
184 2159 221 2218 ob
237 2173 342 2218 nomen
358 2157 466 2218 domiui
479 2157 631 2216 velotiori
651 2171 756 2216 nomen
768 2155 883 2234 domini.
922 2154 1038 2216 Certum
1053 2161 1099 2216 cst
1113 2157 1188 2216 enim
1203 2172 1263 2214 ser-

85 2279 156 2324 rum
171 2261 287 2322 fidelem
308 2267 339 2322 et
359 2261 426 2322 odio
446 2266 476 2320 ιι
490 2261 735 2336 persecutionibus
750 2263 787 2322 ob
809 2277 914 2332 nomen
929 2261 1037 2323 domini
1051 2262 1096 2322 sui
1110 2260 1263 2322 obnoxium

86 2383 163 2428 esse.
202 2367 301 2428 Donet
320 2372 418 2426 autern
437 2366 517 2426 Deus
537 2367 659 2440 optimus
682 2368 823 2426 monimus
844 2373 878 2428 nt
900 2365 957 2428 fide
971 2365 1055 2428 firma
1077 2374 1107 2428 et
1121 2367 1263 2442 patientia

86 2474 250 2534 christiana
269 2471 340 2530 nihil
359 2471 395 2532 oh
415 2471 537 2530 nominis
558 2471 666 2532 domini
688 2477 717 2532 et
732 2473 861 2532 vertutis
883 2474 1059 2548 agnitionem
1074 2471 1194 2548 sufferre
1210 2471 1261 2532 de·

86 2583 257 2650 treetemus,
272 2576 474 2650 recogitantes,
490 2575 568 2649 quod
583 2577 644 2648 ipse
659 2575 786 2636 salvator
804 2581 903 2636 noster
923 2577 1061 2642 emendo
1078 2584 1108 2638 et
1122 2578 1185 2636 suis
1196 2592 1262 2650 per-

86 2683 255 2746 secutiones
275 2697 377 2754 passus
400 2683 453 2754 sit,
477 2686 506 2740 ιι
520 2680 645 2755 apostoli
660 2684 690 2740 et
703 2684 845 2752 martyres
859 2686 927 2742 unte
941 2698 1003 2755 nos,
1027 2688 1060 2740 nt
1073 2697 1260 2756 perseveran-

87 2793 133 2846 tes
152 2782 166 2820 ²
180 2788 212 2844 in
225 2784 312 2844 finem
326 2790 359 2844 ιιι
378 2785 458 2859 cnjm
473 2785 634 2859 passionem
649 2785 805 2858 participes
819 2785 920 2857 simus,
947 2787 1008 2859 ejus
1024 2802 1138 2860 qnoque
1153 2785 1260 2859 gaudia

86 2890 311 2966 persentiumus.
348 2890 384 2948 Id
397 2894 437 2961 te,
453 2905 561 2948 summe
576 2895 669 2964 pater,
686 2905 740 2963 per
753 2888 772 2948 J
774 2905 854 2950 esum
864 2887 1009 2948 Christum
1025 2889 1169 2950 dominum
1184 2896 1214 2948 et
1226 2891 1261 2950 ll·

86 2995 256 3057 beratorem
270 2999 400 3054 nostrum
416 2994 532 3054 unicum
546 2990 637 3052 filium
651 2997 732 3052 tunm
746 2993 891 3052 humiliter
906 2992 1108 3067 deprecamur,
1125 3007 1188 3052 cum
1206 3009 1263 3067 quo

85 3100 143 3160 tibi
158 3104 188 3158 et
202 3104 301 3158 sancto
316 3099 431 3174 spiritui
445 3098 636 3171 sempiternus
651 3097 689 3156 sit
702 3097 805 3170 honor,
826 3097 934 3158 lenset
949 3093 1041 3170 glo'riu
1055 3097 1086 3156 in
1100 3102 1202 3158 cuncta
1217 3113 1262 3156 se·

88 3203 159 3264 cula
172 3204 341 3276 seculorum.
358 3204 468 3262 Amen.
545 3253 547 3258 .

179 3306 289 3368 Eadem
310 3325 329 3368 a
347 3308 484 3368 concione
507 3308 538 3366 in
560 3305 614 3366 hcc
633 3295 740 3381 templo
760 3305 788 3366 d.
813 3305 943 3366 Mauritii
964 3305 1101 3380 optimum
1125 3305 1218 3366 virum
1233 3305 1261 3370 d.

88 3411 231 3472 lecchum
247 3412 344 3471 Sturm
358 3413 499 3499 alloquuti
513 3427 627 3486 sumus,
647 3427 682 3472 ac
702 3427 758 3484 quc
780 3411 811 3470 iu
825 3416 903 3470 statu
919 3417 1095 3498 res-nostrae
1111 3416 1207 3470 essent
1220 3411 1263 3478 illi

90 3517 291 3590 exposuimus,
311 3531 347 3576 ao
367 3531 431 3576 cum
446 3532 480 3576 eo
496 3517 573 3590 quod
597 3516 635 3576 ab
650 3517 713 3590 ipso
728 3521 758 3575 et
771 3517 835 3576 aliis
849 3516 965 3576 auditur
979 3516 1145 3576 Ratisbcnae
1160 3517 1190 3576 in
1204 3515 1263 3576 col·

88 3621 188 3693 loquio
203 3622 365 3692 nominatus
381 3637 482 3696 essem,
500 3639 534 3682 ac
548 3623 618 3696 quid
632 3623 702 3682 mihi
718 3639 755 3682 ex
769 3638 803 3682 en
819 3618 997 3696 proiectione
1017 3621 1179 3693 contigerit,
1194 3635 1262 3678 con·
1307 3691 1309 3698 y

88 3725 152 3784 tuli.
177 3725 232 3798 Qui
246 3725 301 3786 ait:
322 3725 362 3786 Et
376 3724 446 3798 quid
459 3727 491 3784 iu
505 3743 540 3788 ca
554 3744 587 3788 re
601 3743 721 3800 peccare
742 3725 885 3802 potuisti?
905 3725 965 3792 ¹nisi
980 3724 1057 3798 quod
1071 3725 1197 3800 principi
1210 3729 1262 3783 tuo

89 3847 126 3890 ea
141 3847 206 3904 quoe
221 3807 368 3892 tenebaris
381 3829 485 3905 iecere,
501 3831 621 3894 laceres.
646 3833 704 3894 Sed
713 3833 754 3892 sic
767 3839 815 3892 res
830 3831 972 3904 sehabet,
989 3847 1055 3889 nem
1069 3829 1141 3903 ipse,
1158 3829 1261 3902 inquit,

88 3936 193 3994 mirum
208 3937 238 3994 in
256 3937 371 3996 modum
398 3937 560 3996 civitatibus
580 3941 690 4010 metuo,
711 3953 778 3997 nem
792 3952 868 3996 nuuc
882 3937 957 3996 inter
973 3952 1072 3996 mum
1093 3939 1123 3994 et
1131 3934 1263 4010 lapidem

88 4047 208 4114 stemus,
222 4042 307 4113 juxto
321 4041 514 4115 proverbium.
538 4039 637 4100 Caesar
652 4043 727 4102 enim
742 4043 908 4101 commotior
922 4041 953 4099 in
967 4055 1019 4100 nos
1034 4040 1147 4114 objicit,
1163 4039 1263 4101 videre

88 4160 121 4204 se
135 4145 209 4204 nihil
219 4162 276 4205 sua
290 4130 362 4219 er'ga
377 4162 429 4206 nos
445 4145 605 4218 clementie,
624 4144 697 4204 nihil
711 4147 842 4220 precibus
856 4147 903 4208 vel
916 4145 991 4206 bello
1002 4163 1115 4221 quoque
1125 4148 1263 4208 hactenns

87 4247 263 4324 proiedsse,
288 4265 377 4338 quiere
392 4249 447 4310 sibi
468 4249 575 4310 bellum
590 4250 802 4325 suscipiendum
817 4252 929 4314 videret
943 4253 1040 4328 priore
1055 4253 1145 4312 multo
1161 4251 1261 4310 crude·

667 4385 682 4420 *

163 4477 175 4522 1
196 4471 376 4524 ιιιιιιιιιιιιιῖ-
398 4437 401 4442 ¹
435 4475 450 4521 2
470 4477 497 4525 ιι
513 4474 748 4538 perseverantem.

975 4545 1088 4604 12*’
