3054 5110
722 430 765 500 2⁵

150 617 206 693 ipsi
220 611 336 678 libitum
350 613 462 691 iuerat,
485 616 566 691 cujus
580 615 623 676 rei
638 615 714 678 ciues
734 614 836 693 opibus
856 617 989 678 elabores
1009 614 1077 679 iacti
1096 620 1213 694 portasi
1227 619 1327 682 urbem

151 727 236 782 cntra
251 723 346 796 prima
359 723 467 782 moeniu
481 721 648 797 dilatarunt,
663 719 787 797 fossatis,
802 723 944 798 turribus,
960 723 1181 798 propugnaculis
1196 731 1226 785 et
1239 741 1326 802 agge-

152 827 233 886 ribus
249 827 462 888 circumdantes
476 841 511 887 ac
524 843 578 900 pro
592 841 645 887 suo
656 829 724 902 jure
739 826 855 888 easdem
869 831 967 902 portus
982 831 1012 886 et
1025 827 1190 888 obuserunt
1204 835 1234 890 et
1247 847 1325 892 rese·

155 936 259 992 rerunt
278 933 426 992 hactenus.
464 931 549 990 Nunc
569 947 637 991 vero
653 930 772 992 carolus
790 932 912 1004 Quintus
930 943 982 1005 per
1002 933 1204 1006 sesquiannum
1222 934 1327 996 ibidem

154 1038 324 1112 primarium
344 1037 405 1112 agit
423 1035 584 1111 cononem,
608 1037 658 1110 qui
672 1037 816 1112 magistris
835 1037 950 1112 vig’luru
965 1038 1106 1097 exercitus
1125 1039 1215 1111 ipsius
1233 1041 1327 1100 obses

151 1147 303 1217 portarum
317 1142 465 1202 commisit.
496 1141 543 1201 Sic
558 1158 610 1202 sna
624 1139 779 1217 prudentia
793 1143 869 1202 cives
881 1143 1060 1217 episcopum,
1078 1141 1197 1203 Carolus
1212 1160 1264 1204 sua
1278 1160 1325 1204 so·

141 1248 240 1308 tertia
256 1263 291 1308 ac
304 1249 435 1322 potentia
448 1247 631 1322 Augustanos
647 1247 779 1308 occludit.

241 1351 418 1428 Augustanis
433 1368 510 1414 anno
525 1353 666 1428 superiori
682 1353 866 1414 Sebastianus
878 1351 1008 1414 Subertel
1023 1358 1052 1414 et
1067 1352 1126 1413 dux
1141 1355 1283 1414 exercitus
1298 1360 1327 1414 et
1363 1381 1369 1398 .

150 1456 239 1518 rebus
261 1457 367 1520 urbicis
386 1455 556 1534 praefuerat,
580 1459 630 1532 qui
651 1474 714 1520 cum
729 1457 884 1533 abquando
904 1473 1000 1518 secum
1014 1464 1178 1534 reputaret,
1203 1475 1252 1520 eos
1273 1461 1325 1534 qui

150 1563 270 1624 Plutoni
285 1579 320 1624 ao
333 1561 471 1638 religioni·
481 1562 666 1638 addictiores,
689 1569 722 1623 ut
736 1563 840 1624 multos
857 1562 945 1624 babet
959 1562 1099 1639 Augusta,
1123 1565 1231 1626 scilicet
1245 1565 1324 1625 Wol-

150 1685 245 1744 ueros,
262 1668 427 1743 buggeros,
437 1667 663 1743 Hsehstetteros,
679 1678 800 1742 quorum
811 1673 907 1728 umen
918 1668 1026 1731 familia
1040 1669 1078 1730 ad
1092 1671 1195 1744 stipem
1209 1670 1327 1731 redacta

153 1778 206 1848 est,
222 1772 457 1848 Baumgarteroa
474 1771 593 1832 Gosleos
608 1777 638 1832 et
651 1775 748 1834 nescio
763 1789 835 1846 quos
850 1772 1183 1847 Herbrocosbquilarios
1198 1780 1227 1834 et
1242 1775 1324 1848 quid·

150 1877 222 1952 quid
236 1877 323 1952 huius
339 1885 384 1940 est
397 1877 499 1940 farina
518 1879 606 1938 divite
625 1893 697 1953 gaza
716 1878 860 1953 gaudens,
884 1893 936 1938 nec
954 1879 1061 1938 bellum
1079 1894 1132 1938 nec
1151 1878 1325 1939 obsidionem

124 2037 127 2042 .
150 1983 272 2059 laturos,
285 1999 381 2044 secum
395 1984 496 2044 statuit
509 1984 630 2058 ipsomet
638 1984 684 2043 his
694 1983 741 2045 vel
754 1983 827 2044 urbe
841 1983 930 2058 pulsis
944 1983 991 2043 vel
1005 1983 1165 2058 suppressis
1181 1984 1325 2044 deitatem

151 2105 302 2165 occupare,
319 2095 490 2164 experturus
504 2085 658 2150 iortuunamc
696 2089 737 2148 At
750 2091 808 2164 vir,
823 2093 856 2148 ut
871 2093 916 2149 est
929 2089 1045 2150 heroico
1060 2089 1168 2163 animo,
1184 2089 1325 2150 bonorum

151 2195 271 2254 oonsilio
286 2195 477 2268 subscribens,
493 2200 595 2269 postea
608 2200 718 2255 mutata
733 2195 876 2256 sententia
891 2195 1040 2272 perpensis
1054 2195 1152 2280 multis
1166 2196 1280 2255 senatui
1294 2201 1326 2257 ut

150 2316 181 2360 se
199 2300 232 2358 in
251 2297 374 2360 (laseris
396 2299 575 2360 clementiam
594 2298 709 2375 darent,
733 2302 884 2376 persuasit.
923 2299 1052 2376 Optimus
1071 2300 1158 2362 heros
1178 2302 1325 2364 rarissimo

150 2404 284 2479 exemplo
298 2405 343 2464 sui
355 2405 484 2479 censoris
499 2419 533 2464 ac
546 2401 713 2466 faeneum
728 2406 853 2479 pericula
872 2405 953 2465 obire
968 2407 1092 2480 rualem,
1116 2423 1201 2479 quam
1223 2407 1325 2466 civium

150 2525 269 2571 suorum
283 2511 452 2584 sanguinem
466 2525 519 2572 sua
537 2525 624 2570 eausa
637 2507 719 2572 fundi
735 2517 764 2570 et
778 2511 851 2572 urbe
871 2517 900 2572 et
914 2511 1009 2586 patria
1024 2511 1118 2571 cessit.
1158 2511 1247 2586 cnjus
1265 2512 1326 2575 iata

152 2616 193 2676 dii
207 2613 375 2675 secundent.

241 2719 353 2780 Mem
367 2725 484 2780 senatus
499 2721 613 2780 nomino
628 2720 695 2782 uuo
709 2721 843 2781 honorati
857 2736 963 2782 snmus.

239 2825 362 2885 Domine
375 2825 470 2900 Deus,
495 2825 533 2886 da
551 2840 679 2886 amorem
699 2831 729 2885 et
746 2827 878 2888 timorem
899 2829 943 2887 tui
964 2832 994 2888 et
1007 2813 1229 2888 misericorditer
1248 2831 1281 2887 ut
1295 2829 1325 2889 in

150 2931 259 3007 populo
273 2929 374 3006 beato,
392 2931 442 3004 qui
456 2931 510 2990 scit
519 2930 734 3005 jubilationem,
750 2931 928 3006 reperiamur
942 2931 1074 2992 concede.
1260 3011 1264 3016 Ι

240 3035 300 3110 xxij
316 3033 424 3112 Aprilis
438 3034 517 3110 apud
534 3033 630 3096 divum
645 3035 813 3095 Mauritium
827 3035 952 3096 Musculi
971 3036 1136 3096 concionem
1150 3037 1250 3116 audie
1266 3042 1323 3098 sta·

150 3142 256 3206 tuimns
272 3142 349 3201 intra
364 3145 475 3200 sextam
491 3144 520 3200 et
534 3141 692 3214 septimam.
716 3139 805 3200 Mane
819 3142 907 3216 igitur
921 3141 976 3203 boc
989 3141 1126 3215 templum
1140 3138 1324 3213 frequentan-

150 3253 211 3321 tes,
233 3246 286 3306 bos
301 3246 374 3306 ritus
389 3245 595 3308 ecclesiasticos
611 3245 656 3320 ibi
673 3244 820 3306 observari
838 3247 968 3308 vidimus.
1008 3247 1157 3307 Semibora
1176 3250 1243 3305 ante
1256 3246 1324 3304 ulti·

149 3367 229 3411 mum
243 3366 447 3426 campanarum
461 3346 575 3426 pulsum
588 3349 640 3410 ubi
654 3367 722 3426 pars
740 3352 836 3425 aliqua
851 3353 979 3414 eeclesia
995 3354 1135 3428 convenit,
1150 3368 1209 3412 uno
1223 3353 1323 3425 praeci·

149 3463 238 3518 nente
258 3458 370 3516 canitur
389 3456 517 3530 psalmus
539 3456 643 3530 aliquis
664 3457 695 3515 in
716 3462 845 3517 nostrum
865 3457 972 3518 idioma
992 3459 1153 3518 translatus
1168 3473 1278 3517 summa
1297 3461 1326 3517 et

150 3561 294 3623 modestia
316 3565 345 3621 et
359 3559 519 3622 devotione.
557 3562 629 3622 Post
646 3561 762 3636 aliquod
783 3555 969 3624 interstitium
989 3577 1089 3622 rursus
1104 3563 1178 3623 alter
1199 3562 1325 3638 quidam,

150 3667 227 3728 idem
242 3664 276 3726 iit
289 3671 354 3741 post
368 3681 477 3727 moram
492 3665 713 3742 longiusculam,
737 3667 828 3728 donec
838 3659 923 3742 'iusta
937 3669 1057 3728 ecclesia
1076 3668 1152 3728 adsit
1167 3672 1196 3728 et
1211 3683 1323 3742 campa·

151 3787 256 3832 narum
276 3773 407 3834 ultimum
427 3773 541 3848 signum
563 3773 661 3833 datum
683 3773 729 3832 sit.
768 3773 822 3832 His
842 3773 967 3848 peractis
988 3774 1140 3848 praelector
1161 3777 1325 3847 suggestum

151 3876 347 3938 conscendens
362 3878 494 3937 invocato
510 3877 606 3939 divino
620 3879 736 3938 numine
750 3877 821 3952 legit
835 3879 1030 3953 paragraphus
1045 3879 1154 3952 aliquot
1169 3895 1204 3938 ex
1217 3879 1324 3938 Mattb.

150 3983 191 4057 xij
208 3982 312 4058 capite.
350 3981 463 4044 Deinde
484 3999 622 4048 summum
642 3981 709 4044 fidei
724 3989 833 4043 nasute
849 4000 885 4044 ex
904 3985 999 4045 verbis
1015 3983 1121 4045 Christi
1134 3984 1254 4044 loannis
1269 3984 1323 4043 VI:

150 4087 223 4148 Haec
238 4094 333 4148 autem
348 4094 392 4148 est
403 4089 534 4150 voluntas
550 4090 625 4162 ejus,
642 4088 691 4162 qui
700 4089 782 4162 misit
796 4104 851 4164 me,
872 4096 904 4150 nt
919 4091 1020 4164 omnis,
1033 4090 1086 4171 ,qui
1099 4089 1178 4150 videt
1192 4088 1282 4150 filium
1296 4097 1326 4151 et

151 4193 244 4254 credit
257 4194 289 4252 in
303 4209 378 4268 eum,
393 4192 500 4255 habeat
514 4195 602 4256 uitam
615 4199 762 4266 aternam,
779 4198 808 4252 et
823 4209 876 4268 ego
890 4194 1033 4256 suscitabo
1049 4211 1112 4255 eum
1126 4197 1157 4260 iu
1172 4196 1325 4256 novissimo

152 4300 209 4374 die,
233 4299 384 4359 autsimili
396 4300 493 4375 aliquo
509 4301 648 4361 arsamis
663 4299 896 4373 scripturisloco.
928 4298 1042 4364 Deinde
1056 4299 1189 4361 bortatur
1203 4301 1241 4362 ed
1257 4317 1324 4360 con·

152 4403 315 4480 laesionem,
330 4405 462 4481 praelegit
476 4405 596 4467 formam
611 4405 789 4482 potissimum
803 4405 1003 4478 continentem,
1021 4419 1106 4479 quam
1121 4406 1192 4464 nibil
1207 4405 1327 4472 boni-,sit

152 4511 184 4570 iu
198 4509 328 4588 bomine,
350 4525 435 4586 quam
449 4512 521 4574 nibil
535 4512 610 4573 r‘nes
627 4514 734 4573 nostrae
749 4508 857 4574 iaciant
870 4509 909 4578 ad
923 4509 1057 4586 salumn,
1077 4508 1248 4572 concludens
1262 4523 1326 4570 eum

1300 4713 1329 4767 ὁ·
