3020 5112
664 428 730 496 tat

106 611 229 674 verbnm
243 607 346 672 saldtis
360 609 563 670 annunciabat.
589 609 647 670 Sed
662 610 731 684 qnid
745 609 860 672 actum?
884 610 1040 688 Clamavit,
1049 617 1153 690 inquit,
1169 618 1281 691 sapian-

106 719 149 778 tia
164 719 195 776 in
212 717 332 790 plateis,
349 721 379 776 et
393 715 521 775 Joenues
536 716 663 791 baptista
679 717 773 791 venit,
795 717 840 776 vir
855 723 978 778 austerae
994 719 1060 778 ritae
1077 726 1106 779 et
1120 723 1282 796 praedicans

106 822 320 896 poenitentiam.
351 821 436 882 Hauc
455 820 557 889 audire
576 826 711 883 renuunt.
744 821 874 883 Christus
896 824 974 882 venit
994 824 1070 882 mitis
1091 829 1122 888 et
1142 825 1286 901 benignus.

106 927 261 986 dulcedine
276 941 329 986 sna
343 930 507 998 peccatores
523 925 684 988 attrahens:
708 927 793 986 Hunc
816 927 1007 1002 vinipotorcm
1023 934 1054 988 et
1067 930 1175 988 socium
1190 932 1283 1004 publi-

106 1047 247 1092 canorum
261 1046 296 1090 ac
310 1030 492 1090 meretricum
507 1036 621 1102 vocant,
639 1031 798 1091 doctrinam
813 1031 875 1104 ejus
891 1031 1056 1092 seditiosam
1070 1035 1178 1109 dicunt,
1195 1034 1280 1094 bene·

105 1119 262 1198 facientem
277 1134 410 1196 omnibns
425 1140 455 1193 et
469 1136 588 1197 verbum
603 1135 748 1196 miraculis
763 1133 994 1212 confirmantem,
1011 1140 1094 1198 caecis
1109 1141 1200 1200 visum
1215 1140 1281 1200 red·

106 1241 238 1315 dentem,
262 1240 394 1316 leprosos
415 1240 614 1314 mundantem,
639 1241 791 1302 demones
805 1233 966 1314 elicientem
987 1243 1158 1304 daemonium
1172 1245 1281 1309 habere

106 1343 304 1406 vociterantur
319 1350 374 1404 eto.
404 1345 444 1404 Et
459 1345 499 1404 sio
514 1351 547 1406 ut
560 1345 699 1406 Dominus
714 1347 776 1420 ipse
798 1349 853 1406 ait:
878 1349 990 1408 Similes
1001 1348 1078 1410 iacti
1098 1355 1165 1410 runt
1185 1353 1282 1425 pueris

106 1454 136 1510 in
156 1447 440 1524 percussionibus
460 1455 490 1510 et
509 1447 670 1512 dicentibus
690 1429 835 1512 sodalibus
855 1454 926 1512 suis:
951 1453 1110 1514 cecinimus
1132 1456 1226 1530 vobis,
1252 1463 1282 1516 et

106 1571 166 1614 non
181 1555 323 1628 saltastis,
346 1556 520 1630 ploravimus
536 1561 565 1614 et
579 1571 638 1616 uon
652 1556 774 1616 luxistis.
805 1558 946 1631 Ecquam
961 1559 1061 1633 timeo,
1078 1561 1182 1635 inquit,
1199 1577 1236 1620 ne
1252 1568 1281 1620 et

107 1659 273 1720 Germania
287 1661 343 1718 hoc
357 1661 388 1718 in
402 1675 484 1718 snum
499 1661 592 1718 sinum
607 1658 727 1722 diffluat.
758 1661 805 1720 En
824 1662 914 1722 multo
935 1663 1066 1737 tempore
1086 1665 1205 1726 verbum
1220 1663 1278 1732 ¹do·

106 1765 178 1825 mini
192 1765 304 1824 sincere
318 1764 478 1824 andivimus
493 1769 523 1824 et
537 1779 596 1824 non
616 1779 767 1838 possumus
788 1766 981 1839 ignorantiam
1001 1769 1199 1842 praetendere,
1224 1770 1280 1828 nisi

106 1867 184 1929 forte
198 1871 238 1944 bi,
254 1869 358 1943 quibus
373 1868 403 1928 id
417 1869 518 1930 ardue
533 1875 565 1928 et
578 1869 675 1928 videre
691 1851 748 1930 non
763 1869 838 1929 licet.
864 1868 936 1929 Cum
950 1887 1019 1932 vero
1029 1888 1106 1932 nunc
1115 1874 1278 1946 persecutio

106 1975 211 2048 instet,
236 1973 422 2049 advigilemus
438 1979 467 2033 et
486 1989 649 2047 caveamus,
671 1991 708 2034 ne
729 1976 766 2035 ab
787 1991 824 2060 eo
840 1975 1013 2036 relabamur.
1044 1975 1164 2038 Addidit
1183 1983 1278 2036 autem

108 2078 241 2140 Christus
255 2095 334 2148 nune
351 2096 414 2140 non·
427 2078 535 2140 habere
555 2080 688 2155 ludaeos,
712 2080 789 2153 quod
811 2087 929 2153 peccato
950 2097 1001 2140 suo
1022 2087 1197 2155 praetexant,
1221 2099 1280 2140 non

108 2183 193 2244 dicit:
216 2184 285 2245 Non
299 2200 330 2243 se
345 2184 534 2258 excusabunt,
555 2186 607 2244 sed
620 2185 814 2260 curbabunt,
838 2202 895 2260 quo
910 2203 942 2246 se
957 2194 1101 2248 excusent.
1132 2187 1221 2246 Aliud
1236 2192 1280 2248 est

110 2290 188 2348 enim
202 2295 231 2348 te
246 2286 305 2350 non
327 2302 480 2363 excusare,
504 2296 534 2350 et
554 2290 645 2363 aliud,
668 2307 726 2364 quo
746 2297 776 2350 te
796 2307 913 2354 excuses
935 2309 993 2352 non
1011 2293 1126 2354 habere.
1166 2292 1279 2352 Natura

109 2395 185 2464 enim
200 2395 255 2456 lrcc
270 2395 400 2456 omnibus
415 2397 545 2454 innatum
559 2401 612 2470 est,
621 2401 653 2456 nt
665 2397 698 2468 in
713 2400 813 2470 quovis
829 2399 933 2458 delicto
948 2399 1076 2458 homines
1092 2401 1127 2456 se'
1141 2411 1279 2481 excusare

109 2505 257 2561 conentur.
299 2501 346 2560 Sic
366 2500 476 2575 primns
496 2517 603 2575 parens
624 2508 722 2562 noster
741 2502 867 2564 Adamus
890 2505 1053 2578 alloquente
1076 2521 1141 2566 enm
1164 2501 1278 2564 domino

108 2604 242 2664 obesum
256 2607 348 2680 pomi,
372 2607 427 2666 eit:
451 2606 571 2680 Mulier,
595 2623 681 2679 quam
697 2607 800 2667 dedisti
814 2609 898 2682 mihi,
921 2609 1000 2669 dedit
1019 2610 1089 2668 mibi
1109 2609 1145 2668 dc
1165 2608 1278 2668 arbore.

108 2713 173 2774 Eva
188 2695 284 2773 antem
299 2713 384 2774 dixit:
410 2712 535 2786 Serpens
551 2702 665 2786 decepit
684 2729 729 2771 me
749 2717 782 2770 ut
797 2715 985 2774 comederem.
1009 2712 1113 2773 (lenes.
1132 2717 1161 2772 3.
1192 2711 1278 2772 Vide-

108 2818 262 2878 masidam
277 2819 307 2877 in
321 2819 419 2893 pneris
434 2819 616 2894 quantumvis
631 2819 760 2892 tenellis,
781 2819 807 2880 si
823 2807 897 2891 quid·
907 2817 1088 2891 admiserint,
1111 2817 1205 2876 subito
1228 2833 1277 2875 ex·

109 2925 287 2984 cusationem
297 2924 356 2982 suis
372 2923 527 2982 comnmissis
541 2927 711 2997 proetexere.
736 2922 794 2983 Sed
808 2938 866 2982 non
881 2924 922 2982 sic
936 2939 989 2982 nos
1004 2939 1132 2996 egemus,
1149 2939 1166 2980 o
1182 2923 1280 2982 dilecti

108 3029 140 3086 in
149 3027 274 3101 Christo,
290 3043 479 3101 agnoscamus
493 3028 729 3101 ingratitudinem
743 3032 870 3086 nostram
885 3033 914 3086 et
928 3043 980 3086 nos
995 3043 1058 3086 cnm
1073 3032 1149 3085 reste
1164 3025 1203 3085 ad
1218 3027 1275 3084 col-

108 3131 168 3190 lum
183 3138 251 3192 ante
267 3130 313 3190 dei
328 3130 429 3192 faciem
443 3133 627 3206 projiciamus
640 3133 751 3192 veniam
766 3129 898 3205 petentes
912 3149 1022 3206 nosque
1037 3136 1203 3207 peccatores
1217 3147 1279 3205 ag-

109 3241 272 3311 noscentes,
286 3237 335 3296 ille
351 3237 435 3311 enim,
452 3237 501 3309 qui
516 3253 573 3296 non
588 3237 714 3296 audebat
728 3238 766 3296 ad
780 3240 884 3298 coelum
899 3239 997 3297 oculos
1012 3237 1154 3310 attollere,
1171 3236 1281 3308 diceus,

109 3341 189 3402 Deus
205 3347 269 3402 esto
282 3343 423 3416 propitius
438 3342 508 3401 mihi
526 3343 684 3416 peccatori,
705 3341 878 3416 Justificatns
899 3327 955 3402 dici
973 3343 1087 3402 meruit.
1118 3342 1280 3417 Hypocrita

109 3465 179 3510 vcro
194 3449 250 3508 iste
265 3463 296 3508 se
312 3461 451 3508 excusans
468 3451 496 3506 et
511 3448 690 3507 sanctitatem
704 3450 888 3522 praetendens
903 3451 1075 3523 reprobatus
1091 3446 1170 3507 abiit.
1204 3446 1277 3506 Gon-

109 3555 182 3614 ceda
196 3554 285 3628 igitur
299 3533 456 3627 propitius,
480 3569 498 3612 o
514 3544 627 3612 domine
641 3551 720 3628 dens,
729 3561 769 3614 ,nt
783 3553 902 3615 verbum
916 3560 997 3614 tuum
1012 3555 1051 3613 sit
1064 3555 1181 3612 lucerna
1196 3551 1275 3626 pedi-¹

110 3658 289 3718 bus‘ncstris
305 3664 334 3721 ct
348 3674 382 3718 eo
398 3657 497 3718 audito
512 3659 678 3734 perenniter
692 3655 899 3734 adlraereamns,
905 3659 1000 3734 idque
1015 3674 1068 3732 per
1082 3657 1101 3715 J
1103 3671 1181 3715 esum
1197 3653 1277 3726 Chri·

110 3767 187 3824 stnm
203 3763 348 3824 dominum
362 3767 500 3829 nostrum.
523 3761 625 3822 Amen.

201 3867 422 3928 Revertentibns
437 3867 519 3928 uobis
535 3883 551 3926 e
565 3867 672 3944 templo
687 3867 822 3926 Liberius
837 3866 950 3926 obviam
970 3865 1011 3926 lit.
1043 3866 1206 3924 statueram
1226 3879 1286 3946 au·x

111 3978 169 4032 tem
184 3970 405 4042 Atrebatenscm
419 3971 514 4046 adire,
538 3971 666 4032 sedtum
681 3972 830 4033 consilium
844 3971 954 4030 Liborii
970 3977 999 4030 et
1019 3970 1095 4044 quod
1115 3969 1227 4043 lelius
1250 3969 1280 4026 in

112 4078 214 4139 eadem
227 4079 324 4153 platea
337 4077 514 4137 mansionem
530 4091 611 4136 suam
625 4077 746 4151 habeat,
765 4081 879 4136 secutus
894 4091 928 4135 ac
943 4079 1104 4150 opportune
1118 4071 1231 4146 Viglius
1246 4089 1280 4132 ac

114 4182 216 4244 Seldus
238 4199 296 4244 nna
318 4175 384 4244 ante
405 4183 621 4242 hibernaculnm
647 4181 730 4240 nobis
753 4182 866 4246 obviam
888 4181 1014 4240 veniunt.
1053 4181 1110 4238 Per
1133 4179 1282 4240 Liberium

113 4294 210 4348 autem
224 4289 309 4363 petii,
333 4289 401 4361 qnia
414 4288 550 4348 hesterno
566 4288 612 4347 die
628 4287 665 4347 ad
680 4288 769 4361 pedes
784 4288 900 4346 casaris
918 4301 963 4344 me
983 4285 1181 4359 conjecissem,
1206 4300 1283 4344 nuuc

113 4409 178 4452 enm
192 4393 262 4452 mibi
276 4390 404 4453 urorum
418 4398 570 4468 praetore,
595 4397 628 4452 nt
646 4393 752 4452 litterae
772 4391 961 4452 absolutionis
983 4390 1282 4450 conscriberentur.ct

112 4497 305 4576 marticulus:
331 4497 520 4574 Quodjama
534 4495 661 4566 caesarea
681 4499 986 4572 majestatcacceptus
1008 4497 1076 4571 sim,
1102 4501 1131 4554 et
1153 4491 1230 4568 quod
1251 4493 1281 4565 ii,

140 4622 256 4671 wuoeea
1030 4603 1069 4660 13
