3046 5104
764 431 827 500 148

209 619 282 680 vecti
297 625 423 693 sunt,.eo
438 612 583 690 dignitatis
595 615 684 676 ruodo
699 617 798 689 evecti,
815 620 848 674 ut
863 615 945 689 alter,
962 615 1097 676 nimirum
1112 609 1273 693 Philippus,
1290 635 1384 681 caesaa

207 726 249 783 ris
267 723 544 796 vicecancellarium,
567 721 655 794 ulter,
679 718 915 794 christophorus,
939 721 1017 780 ur’ois
1039 722 1218 796 Augustanus
1239 725 1386 785 caucella⁴

208 831 282 888 rium
297 833 374 903 agat.

295 934 386 1006 Aiunt
400 931 627 1003 Atrebatensem
644 929 775 1017 doctores
790 935 820 990 et
834 931 960 1003 viglium
975 945 1087 988 omnem
1102 932 1225 991 movisse
1240 931 1382 1006 lapidem,-

207 1056 305 1098 rernm
320 1053 455 1108 casarum
471 1035 592 1095 emolliri
607 1053 665 1095 non
680 1051 788 1111 posse,
805 1041 838 1094 ut
855 1045 967 1116 surnmu
986 1035 1068 1094 nobis
1083 1036 1219 1108 imposita
1232 1039 1382 1100 minuere

206 1149 263 1202 tur.
288 1142 343 1202 Ast
358 1142 420 1200 lraec
434 1142 530 1212 superi
544 1145 661 1213 norunt,
678 1153 736 1199 non
752 1157 857 1200 novum
872 1141 916 1202 est
931 1141 1030 1198 aulicis
1044 1137 1152 1197 fumum
1167 1141 1304 1208 rendere.

296 1246 436 1304 Dominus
451 1244 487 1303 de
502 1243 599 1304 Blawe
614 1243 720 1304 dicitur
736 1245 774 1304 ed
788 1245 946 1304 custodiam
961 1243 1136 1309 Marschalei
1150 1245 1185 1302 de
1201 1225 1383 1320 Sehomberg

205 1351 361 1410 translatus
380 1365 457 1423 esse,
490 1349 566 1420 quod
592 1350 764 1408 remissioris
790 1349 932 1422 quoddam
959 1349 1045 1408 animi
1081 1351 1239 1425 caesareani
1265 1345 1380 1425 signum·

206 1446 270 1514 esse
285 1455 399 1514 dicitur.
442 1452 551 1510 Eadem
576 1453 662 1513 duces
682 1453 739 1512 dno
761 1455 905 1527 peditatus
927 1455 1039 1514 militiei
1057 1453 1113 1512 huc
1133 1456 1239 1528 captivi
1258 1457 1379 1518 adducti

206 1566 283 1620 sunt.

295 1663 392 1722 Caesar
405 1661 570 1723 valetudine
585 1659 703 1721 affectus
719 1639 883 1722 dicebatur.¹

246 1846 251 1856 .
294 1767 495 1828 Fordinandus
517 1771 624 1841 prater
644 1773 768 1840 quatuor
787 1767 894 1827 centies
919 1767 1009 1828 millia
1028 1767 1086 1826 alia
1106 1771 1228 1826 centena
1245 1767 1337 1826 millia
1358 1783 1378 1826 a

204 1875 326 1935 statibus
342 1873 500 1946 imperilin
513 1877 648 1945 promptu
663 1873 717 1932 sibi
732 1873 837 1949 deponi
852 1874 950 1946 exigit.

293 1977 403 2036 Eadem
417 1976 494 2035 Dido
517 1975 736 2048 eKniephusen
755 1977 903 2037 nobiseum
923 1993 1025 2051 agere,
1046 1981 1079 2034 ut
1102 1975 1221 2034 tutelam
1237 1981 1376 2050 cognom

204 2099 268 2141 rum
284 2089 447 2142 nostrorum
462 2081 596 2138 comitum
612 2080 647 2138 de
662 2081 738 2154 HoJa
753 2082 897 2154 suscipere
911 2083 1062 2155 vellemus,
1087 2080 1259 2153 conabatur,
1269 2097 1377 2140 ¹uerum

204 2182 268 2245 c'um
292 2186 404 2246 audiret
424 2185 573 2244 consilium
592 2186 704 2246 comitis
724 2183 869 2246 Willrelmi
890 2193 920 2246 et
939 2195 1004 2261 'quae
1023 2203 1076 2246 nos
1090 2185 1270 2259 negotiorum
1285 2185 1377 2242 moles

205 2297 358 2365 premeret,
374 2290 490 2349 tandem
505 2290 549 2348 his
565 2289 734 2362 supersedit.

294 2395 372 2453 Nota
387 2394 522 2466 quiequid
536 2395 669 2453 comitum
684 2412 703 2453 a
717 2395 859 2454 Waldeck
874 2396 1006 2468 querelas
1028 2396 1073 2454 vel
1093 2395 1244 2469 privilegia
1258 2409 1376 2454 concer-

205 2501 258 2572 nit,
275 2513 350 2556 nune
363 2513 400 2557 ex
415 2497 539 2558 archivis
554 2515 676 2558 camerae
690 2497 804 2574 imperii
820 2501 989 2574 exquiritur.

212 2653 216 2660 .
293 2601 403 2662 Eadem
418 2603 568 2662 Nicolaum
582 2604 676 2663 Maier
690 2604 847 2676 iurisinrus.

294 2707 465 2766 Wilhelmus
477 2725 572 2768 eomes
590 2725 611 2768 a
630 2709 836 2782 Witgenstein‚
857 2707 998 2772 Ernestus
1017 2723 1111 2769 comes
1131 2724 1149 2766 a
1172 2707 1377 2782 Saleumberp,

205 2812 355 2887 Philippus
370 2819 400 2872 et
413 2813 543 2873 Eubulus
565 2829 624 2874 nec
637 2831 695 2873 uun
710 2813 787 2872 Dido
808 2812 1046 2912 aKnieplruusen
1058 2813 1145 2887 apud
1159 2813 1290 2871 comitem
1306 2813 1379 2873 Wil-

205 2918 328 2976 helmum
343 2917 380 2976 ab
394 2917 535 2977 Anauone
550 2920 649 2992 pransi
664 2921 739 2984 sunt.
1231 2949 1234 2956 ,

293 3023 404 3097 Viglius
420 3023 498 3097 apud
513 3022 712 3082 coloniensem
727 3037 850 3096 pransus
865 3026 918 3081 est.
974 3039 979 3044 ·
1060 3063 1066 3070 -

293 3128 403 3187 Eadem
419 3129 557 3187 electores
572 3142 708 3186 caesarem
723 3127 837 3200 adiere,
860 3128 972 3186 venium
986 3127 1104 3202 petituri
1120 3127 1235 3188 dornum'
1251 3126 1378 3188 abeundi

210 3233 292 3294 etad
306 3247 372 3292 suos
386 3232 543 3292 remeandi.

236 3325 239 3330 ’
294 3337 343 3409 viij
359 3336 439 3394 Junii
453 3335 643 3410 wolfgangus
665 3337 813 3396 Muscnlns
835 3351 871 3396 ex
891 3351 954 3410 cap.
975 3335 1151 3396 15“Joannis
1169 3319 1246 3396 hunc
1267 3343 1378 3406 textum

208 3441 287 3499 Vos
302 3439 385 3498 amici
399 3438 454 3496 mei
469 3439 554 3512 estis,
576 3441 600 3498 si
619 3437 745 3499 feceritis
768 3447 945 3514 quecunque
961 3457 1015 3516 ego
1029 3441 1165 3515 praecipio
1182 3442 1273 3502 vobis.
1310 3441 1378 3502 Non

206 3544 327 3622 posthac
341 3560 392 3603 ros
407 3520 470 3602 dico
485 3559 597 3618 servos,
619 3545 687 3618 quia
708 3561 807 3604 servus
823 3548 930 3619 nescit,
956 3546 1025 3630 quid
1046 3545 1134 3604 iaciat
1153 3546 1286 3607 domium
1304 3549 1377 3620 ejus

206 3646 265 3710 Vos
280 3653 375 3709 antem
392 3648 451 3708 dixi
465 3650 587 3723 amicos,
611 3652 659 3722 qui
675 3623 786 3724 omniu,
811 3667 878 3724 quse
900 3651 997 3719 audiri
1012 3669 1030 3710 a
1045 3655 1131 3724 petre
1141 3668 1225 3726 meo,
1219 3657 1309 3711 nota
1322 3649 1379 3710 feci

206 3756 319 3829 vobis«,
335 3755 490 3814 enarravit.
529 3753 610 3812 Dixit
628 3755 727 3840 itaque
741 3753 838 3814 Christ
825 3761 886 3814 tuus
911 3755 1056 3816 dominum
1075 3755 1131 3815 duo
1153 3755 1215 3814 haec
1230 3754 1377 3829 discipulis

206 3862 405 3935 proposuisse,
431 3839 541 3918 seilicet
561 3864 594 3918 nt
611 3835 777 3932 mandatum
798 3860 834 3918 de
854 3857 1007 3938 dilectione
1033 3861 1221 3923 observarent
1241 3865 1273 3918 et
1293 3858 1378 3917 simul

206 3962 284 4038 quod
297 3979 330 4020 re
344 3963 409 4038 ipsa
423 3958 531 4037 quanta
545 3963 697 4024 dilectione
712 3979 779 4024 suos
795 3965 942 4039 diligeret,
964 3967 1065 4039 utique
1085 3981 1138 4037 pro
1153 3962 1257 4036 quibus
1273 3963 1377 4023 duleis·

206 4070 307 4144 simam
321 4069 408 4126 uitam
423 4082 530 4142 ponere
544 4075 663 4142 paratus
678 4069 724 4143 sit,
740 4067 915 4130 ostenderet.
943 4069 1055 4127 Deinde
1070 4073 1103 4126 ut
1116 4069 1141 4126 si
1156 4084 1222 4126 eum
1235 4073 1375 4141 amarent,

206 4177 350 4246 praeopta
368 4172 432 4244 ejus
451 4159 617 4246 servarent,
644 4173 676 4231 in
690 4189 760 4232 vera
779 4171 855 4231 enirn
869 4171 994 4231 multitia
1009 4173 1066 4232 duo
1080 4172 1142 4231 haec
1158 4175 1312 4232 convenire
1325 4173 1376 4232 de·

206 4279 289 4350 bere,
311 4276 434 4349 primum
448 4280 481 4334 nt
495 4277 533 4350 is,
551 4276 599 4348 qui
614 4281 705 4352 amat,
723 4279 798 4351 ejus,
815 4291 900 4350 quem
914 4282 1007 4350 amet,
1028 4275 1187 4350 profectum
1203 4284 1324 4352 querat,
1348 4283 1377 4338 et

206 4384 236 4442 iu
252 4380 381 4441 omnibus
397 4380 488 4440 eidem
502 4362 575 4440 bene
590 4381 671 4454 velit3
689 4383 811 4441 alterum
822 4387 854 4441 nt
863 4383 898 4454 is,
916 4381 965 4455 qni
979 4381 1116 4456 diligitur,
1134 4383 1314 4443 adamantem
1329 4401 1375 4444 re·

206 4487 345 4548 demetet
367 4489 465 4546 mutua
485 4484 659 4558 gratitudine
680 4503 749 4560 erga
767 4488 863 4558 ipsum
877 4485 997 4569 adiectus
1017 4487 1064 4546 sit.
1101 4465 1186 4563 Num,
1202 4488 1304 4564 inquit,
1321 4489 1378 4548 ista
