3054 5110
693 425 753 493 Ἠ

226 607 341 671 Mem
363 607 422 670 duo
444 605 541 669 nescio
564 611 646 685 culus
668 607 842 672 conditionis
867 607 997 672 homines
1020 610 1076 670 hoc
1098 613 1254 672 certamine
1279 610 1315 672 de

136 718 240 779 bravio
262 715 481 788 contendentes,
505 717 538 774 ut
558 731 633 775 nnus
655 731 709 776 ova
731 715 854 777 ducente
875 718 1003 778 recentia
1024 733 1083 776 non
1104 721 1199 791 cocta,
1223 718 1265 778 ita
1285 717 1315 776 in

138 821 242 882 ordine
262 821 415 894 disposita,
443 825 476 879 ut
497 819 611 894 singule
635 821 745 881 cubitos
768 822 840 882 duos
861 822 898 883 ab
919 823 1040 882 invicem
1062 823 1188 897 seponite
1209 829 1314 897 essent,

138 944 174 988 ac
185 927 264 986 aiter
275 926 447 985 certantium
460 941 544 984 ovum
557 930 624 1000 post
636 941 720 986 ovum
736 941 754 986 a
768 927 860 1000 primo
876 927 914 986 ed
928 927 1058 986 ultimum
1070 941 1220 988 reaumaus
1233 943 1314 1000 spor·

139 1033 210 1092 mle
225 1032 397 1104 imponeret,
420 1043 524 1089 cavens
539 1045 576 1089 ne
596 1029 685 1089 ullum
700 1030 862 1090 laederetur.
901 1031 977 1091 Nam
997 1031 1022 1091 si
1042 1031 1161 1108 alicujus
1181 1037 1316 1105 putamen

139 1135 321 1195 confractum
336 1131 447 1208 fuisset,
468 1135 530 1206 jam
544 1139 640 1194 actum
656 1139 719 1195 erat
734 1136 770 1195 de
790 1135 899 1196 bravio.
930 1137 1013 1196 Alter
1032 1151 1102 1197 veno
1120 1137 1197 1196 intra
1215 1136 1315 1196 horam

141 1247 171 1301 et
187 1245 322 1315 quartam
336 1239 417 1297 hora
432 1242 545 1312 partem
560 1239 661 1299 urbem
676 1245 759 1299 extra
773 1242 881 1302 moenia
896 1241 1100 1302 cimumitaret.
1132 1242 1205 1302 Mihi
1220 1248 1315 1306 autem

140 1346 298 1417 incertum
320 1347 386 1402 uter
401 1351 501 1402 eorum
515 1343 625 1402 vicerit.

232 1447 345 1508 &dem
366 1445 488 1522 Hispani
507 1451 537 1506 et
556 1447 788 1526 Burgundiones,
813 1453 863 1524 qni
883 1457 951 1512 ante
971 1451 1131 1526 meridiem,
1155 1457 1188 1510 ut
1209 1451 1315 1511 dictum

141 1558 202 1628 est,
226 1566 383 1625 suspensus
404 1557 481 1626 erat,
504 1552 619 1627 ipsimet
639 1553 675 1614 de
697 1555 825 1628 patibulo
847 1555 1009 1632 depositum
1028 1555 1136 1617 feretro
1157 1557 1315 1616 holoserico

122 1663 276 1722 ,contecto
298 1658 462 1731 imponunt,
485 1655 633 1717 monachis
653 1663 682 1718 et
704 1657 869 1719 sacrificulis
889 1661 927 1722 ad
946 1666 1098 1735 auumque
1116 1661 1227 1721 funeris
1241 1661 1316 1720 latus

141 1761 280 1825 mentes
294 1775 392 1820 cereas
403 1761 595 1837 portantibus,
605 1779 663 1822 uno
677 1765 865 1839 vespillonum
879 1766 989 1840 pertice
1002 1767 1088 1839 longa
1099 1768 1191 1824 crucis
1204 1768 1316 1840 signum

115 1947 119 1955 ²
142 1881 233 1942 snper
257 1866 405 1926 lucernam
424 1871 554 1941 gestante
573 1873 603 1926 et
622 1873 779 1943 preeunte,
803 1885 855 1928 suc
875 1883 956 1928 more
975 1875 1061 1930 terrm
1077 1868 1211 1929 condunt.
1241 1869 1316 1928 Nam

143 1971 223 2048 apud
238 1971 317 2046 ipsos
332 1969 424 2030 iurari
439 1971 552 2044 piaculo
566 1989 624 2032 non
640 1972 761 2032 ducitur.

234 2075 359 2136 Domine
373 2074 463 2150 Deus,
486 2091 598 2152 magne,
622 2079 746 2154 sapiens,
769 2077 920 2138 miserator
938 2085 968 2138 et
984 2079 1071 2152 juste,
1094 2080 1137 2138 tui
1157 2083 1186 2138 et
1204 2079 1270 2140 eoeli
1287 2084 1317 2140 et

143 2183 226 2246 orbis
247 2187 391 2242 terrarum
410 2188 490 2255 sunt,
514 2183 627 2257 tuisque
646 2199 730 2242 omne
750 2185 842 2243 solum
862 2185 957 2258 patria
977 2189 1030 2244 est.
1066 2183 1107 2243 Et
1126 2189 1234 2258 practer
1255 2183 1317 2242 haea

142 2291 233 2350 etiam
248 2286 348 2348 orbem
367 2291 512 2348 terrarum
530 2301 584 2360 per
602 2287 732 2347 homines
751 2289 895 2363 sapientes
910 2289 941 2349 in
956 2289 1081 2364 climata,
1104 2305 1202 2363 regna,
1225 2287 1315 2362 dyna-

142 2396 216 2455 stias
232 2399 262 2453 et
281 2392 408 2452 dominia
427 2377 484 2452 tuae
503 2381 606 2456 divina
621 2393 771 2466 sapientias
787 2391 940 2467 disponere
960 2394 1075 2468 placuit.
1108 2393 1247 2465 Quoniam
1262 2394 1315 2468 igi-

38 2557 43 2564 .
140 2505 191 2560 tur
210 2497 280 2558 mihi
299 2497 418 2572 indigno
441 2501 471 2556 ct
492 2495 603 2556 mnello
621 2498 664 2556 tui
683 2497 761 2557 orbis
782 2497 889 2557 terrem
908 2499 1115 2571 portiunculam
1135 2499 1260 2571 aliquam
1280 2497 1316 2558 de
1357 2521 1359 2530 ¹

141 2603 316 2663 liberalitate
331 2607 382 2662 tua
401 2599 619 2676 gubernandam
637 2601 779 2677 impartiri
799 2601 933 2675 diguatus
953 2618 993 2674 es,
1017 2607 1046 2662 te
1064 2619 1117 2676 per
1136 2619 1208 2675 eum,
1232 2617 1316 2676 quem

142 2725 198 2784 pro
214 2708 297 2768 nobis
311 2707 456 2767 vimimam
469 2705 534 2765 fieri
548 2705 664 2766 volumti
679 2721 820 2780 quemque
834 2706 948 2766 unicun
965 2705 1151 2766 mediatorem
1171 2711 1200 2765 et
1214 2711 1316 2766 testem

142 2813 236 2872 veuiae
258 2815 326 2872 ente
347 2817 376 2872 te
397 2816 511 2887 patrem
532 2816 674 2894 aeternum
691 2811 792 2870 lesum
812 2809 957 2870 Christum
977 2810 1089 2884 dedisti,
1114 2812 1262 2886 deprecor,
1284 2816 1318 2870 ut

143 2917 224 2994 apud
238 2917 416 2993 principatus
431 2917 517 2990 hujus
532 2916 620 2977 seculi
633 2916 765 2991 gratiam,
789 2917 862 2975 citra
880 2920 981 2975 tamen·
994 2917 1117 2976 nominis
1136 2919 1179 2975 tui
1194 2917 1317 2977 dedecus

144 3029 176 3085 et
190 3023 324 3084 ammata
345 3037 417 3082 meac
437 3023 604 3098 periculum,
628 3022 770 3094 inveniann
789 3022 819 3079 iu
838 3026 1001 3094 terramque
1020 3025 1148 3080 noemam
1168 3027 1316 3080 revertens

143 3131 333 3202 vocadouem,
358 3143 416 3202 qua
429 3141 476 3187 me
490 3129 608 3200 vocasti,
631 3125 684 3186 tibi
698 3127 807 3186 servire
824 3121 837 3161 ¹
851 3139 963 3199 queem.
993 3125 1060 3184 Fiat
1072 3130 1170 3183 ‘eutem
1184 3125 1317 3184 voluntas

143 3241 197 3294 tua
209 3235 287 3294 bona
302 3238 332 3292 et
347 3237 455 3306 sancta,
478 3234 576 3304 ueniat
595 3247 715 3306 regnum
735 3235 815 3290 tunm
833 3229 1001 3306 perfeetum,
1025 3235 1127 3291 contra
1146 3231 1223 3303 quod
1242 3245 1316 3288 nunc

143 3341 217 3400 cinis
232 3343 263 3398 et
276 3345 355 3398 terra
369 3343 429 3398 tum
443 3337 567 3412 superbe
580 3337 712 3412 insurgit.
743 3337 852 3396 Panem
870 3336 951 3397 verbi
968 3337 1006 3402 da
1021 3341 1051 3396 et
1065 3337 1203 3410 corporis,
1219 3341 1316 3410 patres

143 3447 237 3507 bonos
256 3445 362 3518 largire
382 3447 412 3503 et
433 3441 561 3504 subditos
580 3457 672 3514 serva.
705 3441 749 3502 Sit
771 3441 825 3502 tibi
844 3457 914 3502 cura
934 3443 1080 3501 uxorculae
1098 3445 1128 3500 et
1142 3438 1247 3502 tiliolte.
1278 3441 1317 3500 Et
1426 3441 1430 3450 '

145 3550 282 3626 qnoniam
300 3548 408 3622 omnia,
434 3563 498 3622 quas
517 3549 592 3606 iuste
611 3550 754 3622 premunt,
779 3545 817 3606 ob
836 3545 1046 3606 multitudinem
1064 3551 1247 3620 peccatorum
1264 3563 1316 3608 uo·

145 3660 272 3716 atrorum
291 3653 426 3726 petimur,
450 3651 560 3713 dimitte
580 3649 663 3712 nobis
684 3650 781 3711 debita
799 3653 907 3724 nostra,
925 3651 957 3708 ‘si
977 3650 1091 3724 quidem
1112 3657 1142 3710 et
1160 3667 1212 3710 uos
1232 3651 1275 3728 (id
1288 3657 1318 3711 te
1394 3695 1400 3709 .

145 3755 285 3832 donante)
306 3757 477 3817 remittimus
498 3739 675 3818 debitoribus
696 3757 812 3815 nostris.
848 3749 943 3814 Eine
964 3770 1016 3814 nos
1035 3753 1153 3814 inducas
1172 3755 1202 3813 in
1222 3759 1316 3816 tena-

145 3867 264 3938 tionem,
287 3863 342 3922 hoe
361 3868 415 3936 cst,
439 3867 568 3937 opeter,
592 3877 628 3922 ne
648 3875 701 3922 nos
720 3861 803 3920 uobis
821 3858 962 3934 relinque,
986 3875 1022 3919 ne
1039 3859 1215 3934 postliminio
1235 3875 1317 3920 mun·

145 3970 209 4044 dns,
234 3983 303 4028 caro
322 3971 352 4026 et
369 3972 516 4028 veteratm
534 3965 583 4024 ille
598 3981 717 4042 serpens
737 3965 846 4027 Sathan
861 3982 879 4024 a
892 3962 952 4024 filio
967 3969 1018 4023 tuo
1034 3964 1147 4039 demoti,
1171 3965 1254 4048 nobis·
1266 3965 1317 4024 do-

146 4076 302 4134 minentur.
334 4071 393 4132 Sed
411 4071 502 4132 libera
521 4085 573 4129 nos
593 4087 611 4129 a
630 4070 715 4144 malo,
739 4069 820 4129 aufer
841 4070 988 4130 tristitiam
1006 4069 1136 4129 inutilem
1156 4073 1185 4128 et
1199 4067 1236 4128 du
1249 4085 1316 4128 con·

146 4180 296 4240 tritionem
310 4189 417 4251 venatu,
440 4185 578 4250 spemque
592 4173 713 4249 fidelem,
738 4181 767 4234 et
782 4175 850 4247 quia
872 4173 907 4234 de
927 4174 974 4234 die
994 4175 1024 4233 in
1045 4173 1119 4233 diem
1138 4179 1269 4247 tempora
1288 4174 1319 4232 in

147 4284 232 4360 pejus
252 4285 390 4354 vergunt,
419 4278 539 4354 mugire,
563 4277 727 4378 odomine,
751 4295 810 4354 quo
830 4289 860 4338 te
880 4284 999 4339 vocante
1023 4259 1155 4353 prompte
1177 4281 1207 4337 et
1228 4277 1319 4337 avidis

728 4411 745 4445 ᾖ

222 4499 400 4548 liserrare.
