3054 5110
679 435 748 544 aa

132 613 208 686 nem'
220 627 253 686 in
273 624 363 685 coelos
382 622 420 684 ad
448 625 478 682 te
499 621 593 683 Deum
617 629 730 700 patrem
750 624 780 686 et
800 625 893 687 Deum
914 627 1008 690 uimm
1030 629 1235 706 deprecamur,
1259 632 1310 705 qui

129 739 226 793 tecum
242 723 314 790 sirit
328 735 358 791 et
371 735 477 805 regnat
489 745 555 788 oum
570 737 670 792 macto
685 733 789 806 spiritu
804 733 834 791 in
849 740 1029 808 perpetuum.
1053 735 1156 797 Amen.

222 838 291 897 Non
304 842 425 910 statues,
450 835 573 911 domine,
589 824 752 897 domesticis
774 839 881 898 nostris
904 840 934 898 in
948 846 1097 918 peccatum
1111 842 1309 916 ingnorantias

128 945 292 1018 juventutis
308 959 368 1002 sure
383 948 413 1003 et
427 947 526 1003 avene
540 943 578 1004 ab
593 945 648 1018 eis,
676 959 693 1003 o
709 942 831 1018 domine,
854 950 915 1004 ate
931 961 990 1004 non
1004 945 1159 1006 immissum
1173 962 1310 1021 pauorem

131 1053 161 1108 et
177 1054 385 1124 mntempmm,
400 1054 430 1108 et
445 1063 584 1108 conserva
597 1048 652 1108 tibi
667 1063 740 1123 quos
754 1048 878 1111 redemit
894 1057 924 1111 et
937 1066 992 1126 pro
1007 1050 1110 1125 quihus
1125 1051 1219 1112 orauit
1232 1049 1308 1111 fiius

130 1162 212 1230 tuus,
236 1160 270 1214 ut
292 1155 449 1230 persistant
471 1155 502 1213 in
521 1155 625 1215 timore
640 1160 670 1214 et
684 1154 806 1216 reduto
820 1161 880 1216 tua.
918 1156 965 1218 Da
979 1173 1016 1216 no
1036 1158 1247 1232 renospieiant,
1271 1173 1309 1216 ne

12 1339 13 1342 Ἴ
129 1267 305 1321 moveantur
331 1260 513 1320 multitudine
537 1259 735 1335 repedantium
763 1261 794 1319 in
816 1259 979 1336 Aegyptum
1001 1268 1030 1322 et
1049 1264 1308 1337 venerantiumte

129 1367 282 1442 derelicta
298 1367 494 1441 petendorum
509 1379 618 1425 auram.
657 1364 712 1438 uui
726 1370 810 1440 pater
825 1381 856 1426 es
871 1367 928 1426 tuis
943 1367 1071 1442 provide,
1089 1369 1157 1442 quia
1170 1367 1251 1428 Deus
1266 1385 1306 1442 es,

129 1474 172 1533 eis
187 1472 348 1533 bonitatem
362 1478 442 1534 taam
456 1469 585 1545 ostende,
602 1471 669 1544 quia
684 1476 786 1544 potens
800 1487 841 1546 es,
861 1472 989 1532 inimicos
1005 1480 1141 1534 wnsertc
1156 1479 1186 1535 et
1201 1474 1307 1535 nosce

128 1577 278 1638 hiantibus
294 1575 424 1656 faucibus
439 1591 540 1637 eorum
554 1580 688 1649 potenter
705 1577 793 1651 eripe.
817 1577 917 1638 nmen.

221 1683 270 1745 Ad
288 1685 439 1758 septimam
462 1681 717 1742 antemeridianam
737 1683 846 1742 curiam
871 1682 1031 1744 archiducis
1052 1685 1242 1746 Maximiliani
1261 1687 1305 1744 in·

128 1794 253 1865 mantes,
267 1789 336 1849 licet
351 1789 491 1849 archidux
505 1785 599 1847 adhuc
612 1787 687 1846 lecto
702 1785 904 1848 coaptaret:
925 1787 1116 1866 Progrediens
1134 1791 1164 1849 in
1175 1790 1306 1866 superius

129 1895 239 1956 atrium
254 1881 392 1971 ascendit,
408 1896 524 1954 missam
539 1892 585 1970 (ut
599 1888 709 1967 dicunt)
725 1891 817 1954 aulico
832 1909 911 1955 more
926 1897 1055 1956 audiam.
1084 1896 1147 1970 Qua
1160 1892 1242 1954 tinita
1257 1910 1303 1953 re·

130 2003 271 2063 deuncem
288 2002 326 2063 ad
345 2000 505 2060 cubiculum
528 1997 620 2059 nater
642 2004 740 2059 noster
754 1997 883 2061 Joanues
902 2017 966 2062 cnm
980 2003 1079 2077 paucis
1099 1995 1304 2072 convenitro·

129 2123 205 2182 gans
219 2111 253 2167 nt
267 2123 320 2168 sua
334 2105 469 2182 majestas
485 2109 514 2165 et
526 2121 579 2165 nos
591 2111 745 2166 etecusam
759 2111 887 2167 nostram
902 2108 957 2167 sibi
973 2105 1185 2169 commendatos
1199 2105 1306 2166 habere

130 2213 311 2288 dignaretur.
352 2213 431 2273 Idem
447 2227 561 2286 quoque
576 2207 707 2272 Eubulus
722 2217 864 2288 precatus,
890 2219 1004 2274 taceme
1027 2207 1304 2284 interim'Philippo.

128 2317 280 2378 Archidux
294 2319 421 2392 singulos
436 2321 509 2378 nutu
528 2317 631 2400 capitis
646 2315 775 2378 sautans
795 2319 956 2394 respondit:
980 2319 1106 2392 Faciam,
1131 2321 1188 2378 imo
1202 2313 1306 2375 mium

128 2423 326 2484 libentissime.
349 2424 403 2483 Est
415 2423 629 2483 Maximilianus
645 2423 785 2485 archidux
802 2423 969 2484 adolescens
984 2423 1076 2486 forma
1090 2439 1148 2484 non
1162 2419 1304 2494 illiberali,

128 2531 307 2605 proceritate
323 2531 451 2605 corporis
463 2531 556 2604 justa,
572 2531 603 2589 in
626 2527 738 2590 eilande
756 2529 962 2591 humanitatem
982 2529 1140 2606 principem
1158 2528 1305 2589 decentem

128 2651 192 2711 prae
208 2651 239 2695 se
253 2633 358 2694 ferens.
397 2635 511 2694 Dicitur
526 2651 596 2709 erga
618 2635 755 2709 pietatem
771 2639 801 2694 et
816 2633 999 2694 Germaniam
1015 2653 1073 2696 non
1087 2635 1161 2695 male
1176 2632 1304 2694 affectus.

129 2740 187 2813 Qui
201 2729 405 2814 cordaregum
420 2741 451 2800 in
465 2755 552 2800 manu
567 2757 619 2808 sua
633 2741 733 2816 habet,
753 2740 795 2800 illi
810 2740 965 2823 concedere
981 2740 1125 2816 dignetur,
1140 2746 1173 2800 nt
1187 2739 1304 2814 optima,

129 2863 196 2921 qua
211 2864 271 2908 non
285 2863 378 2923 pauca
393 2854 503 2908 natura
518 2843 594 2906 dona
608 2844 705 2919 habet,
722 2845 760 2906 ad
775 2847 830 2907 Dei
844 2845 974 2921 gloriam,
996 2843 1174 2908 subditorum
1189 2858 1305 2904 suorum

128 2949 289 3026 profectum
305 2959 335 3014 et
350 2943 526 3012 animae'suae
542 2951 680 3026 salutem,
706 2951 814 3014 abactis
836 2950 1039 3012 susurronibus
1055 2955 1084 3012 et
1098 2949 1303 3022 adulatoribus,

128 3061 254 3118 utatur·
1146 3113 1151 3118 .

219 3161 385 3224 Fridericns
409 3177 523 3240 quoque
546 3181 639 3225 comm
665 3157 894 3238 aFurstenberg
915 3161 1020 3224 ibidem
1044 3162 1153 3234 aderat,
1178 3157 1230 3217 sed
1252 3172 1304 3216 nos

128 3267 263 3330 arridens
277 3263 339 3350 fere
355 3265 505 3330 sardonico
526 3271 586 3328 risu
602 3267 669 3329 nihil
686 3274 828 3344 praeterea
848 3265 1030 3329 salutationis
1045 3269 1090 3328 vel
1105 3263 1237 3328 amicitia
1250 3278 1302 3322 nc·

129 3374 174 3434 bis
190 3374 339 3446 exhibens,
354 3389 414 3434 non
429 3371 558 3449 cogitans
573 3391 636 3434 esse
651 3390 748 3435 rerum
763 3376 849 3435 uices.
1098 3383 1102 3388 ’

219 3475 336 3542 Eadem
346 3481 466 3542 vidimus
480 3481 624 3541 loannem
636 3465 789 3540 Rudelium
808 3478 932 3541 Lubecae
946 3479 1070 3540 civitatis
1085 3475 1243 3552 syndicum.

133 3572 137 3578 ’
219 3581 412 3660 Posteaquam
426 3565 633 3647 alfarcbiduce
647 3577 790 3646 secessum
805 3591 858 3659 est,
868 3585 1089 3646 atrebatensem
1105 3599 1218 3658 quoque
1232 3596 1300 3642 con·

128 3689 229 3752 venire
243 3697 445 3752 statueramus.
469 3693 575 3751 Verum
589 3675 743 3752 consiliarii
762 3691 925 3765 imperiales
945 3687 1006 3750 lere
1021 3704 1119 3748 omnes
1135 3686 1213 3762 apud
1226 3687 1302 3745 hunc

128 3799 222 3858 eraut.
247 3795 372 3856 allocuti
388 3812 484 3856 sumus
500 3796 695 3870 secretarium,
711 3801 742 3855 at
750 3795 775 3854 is
786 3794 1037 3856 anteambulonum
1052 3793 1208 3853 anhcorum
1222 3807 1302 3851 more

128 3903 213 3964 nobis
227 3899 336 3962 mmum
350 3885 489 3963 vendidit.
521 3893 639 3976 Egimus
654 3906 751 3961 umen
765 3916 828 3960 oum
840 3899 992 3960 Leonardo
1008 3883 1141 3975 episcopo
1156 3913 1175 3958 a
1188 3896 1303 3956 cobhu·

126 4009 172 4084 lis,
189 4013 223 4068 ut
238 4009 263 4068 is
279 4007 357 4082 apud
371 4007 473 4068 herum
488 4021 571 4067 suum
586 4005 678 4067 nostri
688 4007 860 4066 mentionem
873 4004 1002 4068 haberet.
1026 4003 1155 4064 Vidimus
1170 3988 1302 4064 ihiAcal·

127 4113 196 4175 dam
212 4111 346 4173 Caesaris.
739 4104 748 4113 ⁷

218 4217 360 4280 ostiarius
381 4233 501 4278 mmerae
523 4217 636 4278 concilii
656 4217 976 4292 imperialisnobiscum
990 4233 1112 4292 pransus
1126 4223 1179 4278 est.
1215 4216 1304 4277 Hunc
1412 4307 1416 4309 Β

126 4326 279 4421 instituere
296 4323 384 4386 habet
399 4331 509 4399 praeses
524 4321 644 4398 concilii,
661 4324 710 4396 qui
724 4323 808 4385 modo
823 4323 962 4384 archidux
976 4330 1049 4384 erat.

218 4431 245 4489 A
266 4426 388 4505 prunido
409 4427 553 4488 Amianus
571 4443 590 4487 a
610 4423 731 4488 Zertzen
752 4431 831 4490 venit
851 4445 946 4489 secum
969 4429 1113 4490 adducens
1135 4421 1303 4504 praelectum

126 4533 164 4598 de
178 4535 283 4598 limen
294 4537 379 4611 juxta
393 4535 532 4608 Bonnam,
556 4533 648 4609 quiet
667 4535 729 4612 ipse
744 4531 834 4595 filiam
847 4534 935 4596 habet
953 4541 1078 4610 sauapae
1098 4531 1134 4594 de
1154 4532 1302 4608 Fridburp
