3054 5110
788 399 853 550 a)

221 659 286 722 pua
307 641 343 706 de
363 641 449 706 vinea
469 641 597 718 loquitur
620 647 674 704 etc.
711 641 795 719 Nam,
819 643 921 717 inquit,
942 618 1137 702 hisermones
1152 640 1310 716 parabolici
1322 637 1401 724 ima

219 751 299 828 gines
322 757 390 810 sunt
411 751 441 810 et
462 747 624 809 simulacra.
663 749 854 821 Quamobrem
876 745 901 808 si
921 747 1092 822 imaginibus
1115 748 1281 823 delectaris,
1305 767 1397 824 qnare

218 871 276 918 non
291 872 356 918 eum
372 871 441 930 ures
456 852 555 915 videas
570 851 624 914 tibi
638 853 669 914 in
682 858 807 930 mentem
822 855 912 913 venit:
939 851 1018 914 «Nos
1040 871 1107 916 oves
1128 869 1239 930 sumus,
1264 851 1398 916 Christus

220 958 269 1025 ille
283 977 369 1022 uerus
384 965 493 1036 pastor,
518 961 568 1033 qui
584 955 685 1020 oribus
701 959 752 1020 dat
765 956 910 1035 pabulum,
933 975 988 1035 pro
1004 961 1045 1020 eis
1061 961 1185 1020 animam
1207 975 1288 1048 suam
1302 961 1399 1034 posuit

220 1059 251 1128 et
270 1057 364 1128 adhue
384 1065 470 1127 hodie
490 1072 544 1142 pro
565 1065 634 1142 ipsis
655 1061 794 1125 sollicitus
817 1071 892 1142 esta
923 1065 1006 1140 Item,
1023 1067 1206 1125 cumostinm
1225 1065 1398 1126 damnatura

220 1173 391 1250 ingrederis,
416 1189 467 1258 cur
488 1189 547 1232 non
569 1172 690 1246 cogitas,
720 1169 869 1230 «Christus
889 1187 989 1230 uerum
1009 1176 1054 1231 est
1073 1173 1191 1246 uadum,
1215 1186 1268 1246 per
1281 1169 1355 1230 illud
1368 1175 1398 1231 te

220 1279 334 1340 intrare
341 1284 475 1354 oportet«
486 1281 540 1356 etc.
564 1277 647 1350 Item,
664 1293 727 1335 cum
736 1277 824 1336 sitem
838 1275 1067 1359 conspicis,quin
1079 1281 1203 1336 mentem
1215 1281 1294 1340 tuam
1307 1275 1396 1336 subit:

218 1379 375 1455 'sobrietas
391 1397 461 1442 vera
476 1388 520 1463 est
533 1380 619 1443 ritis?
650 1379 737 1442 Faxit
751 1381 855 1468 Deus,
866 1387 899 1440 ut
913 1383 969 1456 ipsi
984 1382 1038 1441 sim
1052 1379 1162 1456 palmes
1177 1381 1301 1466 fructum
1316 1383 1349 1452 in
1363 1398 1397 1442 eu

220 1485 318 1550 ferens
333 1494 364 1548 et
377 1487 408 1548 in
422 1489 481 1549 rite
495 1473 697 1562 permaneus«
723 1486 770 1548 Sic
781 1491 810 1547 et
822 1486 953 1546 similiter
968 1485 1005 1546 de
1016 1485 1090 1548 aliis.
1112 1487 1147 1571 ,Si
1159 1477 1234 1546 e'nim
1246 1493 1297 1547 aut
1308 1487 1397 1562 scrip-

218 1589 267 1668 tis,
291 1599 342 1653 aut
356 1589 474 1668 sculptis
489 1589 536 1653 vel
550 1591 684 1667 penicillo
700 1593 824 1654 exaratis
838 1593 1004 1661 ,simulacris
1024 1591 1118 1653 animo
1134 1593 1251 1668 gaudes,
1274 1591 1322 1652 fac
1336 1593 1397 1652 haec

219 1683 353 1773 loquacia
368 1699 527 1774 simulacra,
552 1713 617 1772 qua
631 1697 685 1758 tibi
700 1699 838 1760 salubria
853 1703 883 1759 et
896 1684 966 1761 uera
981 1680 1200 1774 repraesentant,
1221 1696 1396 1758 consideres.

106 1792 109 1798 ’
165 1855 168 1862 ,
220 1799 293 1866 Post
305 1803 367 1864 haec
379 1801 613 1878 jucundissimam
632 1803 759 1865 reddidit
778 1806 930 1880 rationem,
954 1811 1006 1864 cu‘r
1027 1803 1158 1864 Christus
1177 1819 1211 1863 se
1230 1805 1323 1882 ipsum
1338 1819 1397 1864 non

221 1890 323 1987 ceno,
342 1913 470 1986 quercui,
495 1901 595 1988 abieti,
616 1906 683 1986 fago
700 1917 750 1988 aut
765 1911 796 1971 id
810 1927 904 1986 genus
915 1909 1052 1972 arborum
1071 1911 1254 1986 compararit,
1278 1905 1331 1970 sed
1345 1925 1395 1984 po·

221 2017 278 2080 tius
297 2017 364 2092 viti,
388 2017 466 2092 ligno
484 2034 546 2081 non
564 2033 676 2093 magna
697 2017 903 2093 aestimationis,
919 2017 951 2077 si
972 2015 1110 2092 surculos,
1134 2017 1268 2092 palmites
1290 2017 1338 2076 rel
1352 1995 1397 2076 ar·
1511 2095 1512 2098 Ἴ

220 2115 489 2186 ὶιοιειιιίιιιιιοιιιίιῑ
521 2121 584 2204 Ast,
607 2124 657 2198 ait,
679 2123 734 2183 hoc
754 2100 845 2200 genus
867 2121 938 2198 ligni
958 2123 1073 2184 christo
1095 2123 1242 2199 aptissime
1263 2119 1396 2204 quadrat.
1438 2139 1440 2144 ·

221 2225 295 2289 Nam
316 2235 349 2289 ut
367 2227 434 2288 ritis
455 2225 566 2304 lignum
586 2233 616 2287 et
635 2225 762 2304 frondes,
785 2229 816 2288 ni
831 2227 954 2288 fructum
969 2231 1104 2306 aestimes,
1121 2229 1343 2306 contemptibile,
1365 2234 1399 2288 nt

221 2335 395 2410 inspeciem
414 2333 537 2408 videtur,
561 2337 614 2406 est,
637 2333 678 2395 ita
698 2325 828 2394 Christus
850 2333 980 2418 dominus
1002 2335 1071 2420 dum
1084 2335 1115 2395 in
1129 2339 1209 2396 terra
1222 2327 1397 2408 remoretur,

222 2439 397 2512 contemptui
415 2439 529 2516 habitus
544 2445 597 2514 est,
613 2441 643 2497 et
660 2439 765 2499 nullius
779 2443 891 2500 numeri
902 2442 987 2514 iuxta
1001 2427 1117 2500 carnem
1132 2437 1241 2501 Judaeis
1254 2437 1354 2524 fiebat,
1371 2445 1400 2500 et

216 2555 259 2629 ex
273 2541 374 2604 humili
387 2549 479 2604 matre
493 2543 604 2619 virgine
618 2546 715 2606 Maria
729 2545 808 2623 (licet
823 2546 912 2621 stirpe
926 2543 1019 2622 regia)
1035 2547 1115 2606 nasci
1128 2524 1228 2621 soluit,
1249 2551 1282 2606 nt
1296 2546 1399 2606 Esaias

223 2643 305 2725 dicit,
329 2647 402 2710 siout
421 2651 577 2726 virgultum
600 2651 635 2712 de
656 2659 736 2713 terra
758 2651 841 2712 arida
856 2665 1037 2727 excrescens,
1067 2653 1167 2740 unque
1186 2651 1235 2726 qui
1255 2652 1399 2712 dicerent:

222 2751 369 2830 Numquid
381 2753 457 2816 fabri
471 2755 546 2820 filim
562 2765 606 2819 est
619 2755 695 2820 iste?
722 2735 830 2834 Nonne
849 2773 903 2840 nos
922 2754 1033 2832 patrem
1055 2764 1084 2818 et
1103 2764 1225 2818 matrem
1241 2755 1302 2832 ejus
1318 2754 1398 2817 noii-

221 2851 306 2922 tnus?
335 2861 418 2924 Unde
433 2859 481 2923 hie
501 2852 555 2924 scit
568 2862 690 2925 literas?
705 2869 758 2924 etc.
798 2863 876 2923 Num
900 2881 918 2923 a
939 2861 1059 2923 Galiiaea
1079 2861 1254 2938 quidboni?
1275 2847 1329 2923 etc.
1360 2863 1399 2922 Et

223 2963 352 3028 Christus
372 2970 448 3044 ipse,
471 2967 578 3044 inquit,
602 2971 711 3044 gratias
733 2986 788 3044 ago
803 2969 870 3044 tibi,
895 2973 988 3044 pater,
1012 2969 1090 3043 qued
1110 2954 1286 3030 abscondisti
1303 2967 1367 3028 baec
1381 2985 1401 3026 a

222 3064 398 3148 sapientibus
419 3081 449 3136 et
468 3071 658 3150 prudentibus
681 3079 710 3136 et
732 3067 916 3162 eayparuul'is
938 3071 1082 3135 revelasti.
1120 3075 1160 3135 Et
1181 3073 1302 3156 Paulus:
1331 3071 1400 3134 Non

222 3173 303 3240 multi
324 3185 471 3258 petentes,
495 3197 553 3240 non
575 3167 658 3239 multi
679 3182 823 3254 sapientes
846 3179 1001 3240 secundnm
1024 3163 1138 3240 carnem
1161 3183 1215 3240 etc.
1257 3179 1308 3240 Sin
1328 3192 1400 3264 rere

221 3283 312 3364 probe
334 3293 364 3346 et
384 3285 578 3356 adamussim
599 3297 662 3344 rem
684 3285 912 3361 animadvertas,
937 3284 1067 3349 Christus
1090 3299 1160 3348 vera
1182 3270 1321 3363 illavvitis
1344 3289 1398 3358 est,

222 3407 285 3468 qua
308 3387 503 3450 dulcissimum
522 3389 579 3450 fert
599 3389 737 3464 fructum,
761 3385 885 3474 fructmn
906 3391 1038 3468 spiritns,
1062 3389 1186 3452 fructum
1205 3391 1297 3450 omnis
1318 3387 1398 3463 boni,

220 3493 344 3555 fructum
357 3493 433 3569 fidei,
450 3491 521 3570 spei,
538 3493 686 3556 charitatis
703 3513 737 3556 ac
753 3474 1006 3558 demumtrnctum
1021 3499 1087 3558 ritae
1103 3481 1254 3557 ac‘salutis
1269 3501 1398 3556 aeternae

213 3601 343 3662 ‘Patrem
356 3607 452 3670 antem
471 3603 544 3660 miro
564 3600 707 3662 sohemate
722 3603 879 3676 ¹vinitorem
900 3603 959 3664 sive
978 3602 1133 3680 agricolam
1153 3603 1252 3678 vocat,
1275 3601 1318 3662 illi
1339 3617 1402 3660 om·

220 3699 285 3767 'nem
303 3703 442 3766 bonorem
461 3705 598 3767 tribuens.
637 3707 677 3768 Et
697 3707 825 3784 quando,
849 3707 955 3785 inquit,
977 3715 1063 3784 pater
1083 3707 1157 3769 hanc
1177 3709 1264 3768 ritem
1283 3707 1398 3782 planta·
1514 3777 1515 3802 3

220 3811 281 3874 iit?
312 3813 394 3886 Tum,
416 3816 480 3872 cum
498 3813 617 3874 verbum
635 3819 707 3874 caro'
718 3813 829 3886 factum
844 3815 897 3890 est,
921 3815 952 3874 in
967 3812 1025 3875 fine
1039 3821 1208 3888 temporum.
1238 3803 1399 3890 Vitissrero
1514 3869 1515 3872 ,

220 3907 432 3980 similitudinem
453 3919 603 3995 scripturis
625 3913 904 3989 saci-issamiliarem
926 3936 1002 3997 esse,
1026 3937 1062 3981 ex
1084 3920 1233 3995 prophetis
1254 3919 1344 3980 Esaia
1369 3923 1401 3978 et

219 4020 347 4086 lerania
361 4023 590 4100 ostendissitem
609 4039 646 4086 ex
664 4025 776 4102 psalmo
798 4027 850 4086 80.
864 4043 984 4102 persex
998 4029 1127 4102 integros
1142 4038 1255 4100 versum
1279 4012 1348 4086 item
1362 4041 1400 4084 ex

219 4125 314 4197 verbis
326 4117 437 4190 'Christi
452 4125 487 4190 de
502 4127 562 4192 filio
577 4133 653 4206 regis
671 4137 701 4192 et
715 4133 800 4192 vinea
815 4137 845 4192 et
864 4133 968 4207 iniquis
983 4131 1126 4207 agricolis.
1153 4117 1230 4192 ¹Item
1241 4145 1309 4200 ,esse
1324 4119 1400 4209 prae·
1514 4197 1515 4212 ,

218 4237 265 4296 ter
283 4233 359 4296 hanc
379 4235 466 4316 vitem
481 4235 625 4297 Christum
645 4237 724 4298 aliud
744 4237 811 4298 ritis
833 4253 937 4313 genus,
963 4235 1040 4314 qnod
1061 4237 1231 4299 labruscam
1241 4233 1292 4310 dic
1313 4233 1400 4296 wilde

218 4331 394 4430 Weinreben
414 4357 558 4404 vocamus.
595 4339 746 4416 Ejusmodi
766 4349 833 4404 sunt
856 4343 948 4404 cultus
968 4321 1158 4420 excoriandi
1178 4349 1208 4404 et
1226 4339 1400 4403 traditiones

218 4447 350 4518 humanae
366 4463 401 4510 ex
415 4451 467 4512 viti
482 4466 552 4510 rara
565 4463 624 4508 non
633 4441 781 4517 'deductae
812 4451 930 4510 Patrem
950 4445 1045 4518 autem
1065 4449 1206 4525 palmites,
1231 4433 1283 4524 qni
1298 4449 1329 4508 in
1343 4445 1400 4508 hae

216 4554 277 4614 rita
290 4553 414 4626 ἱιιιειιιιιι
430 4553 608 4627 uenierunt,
632 4554 685 4613 aed
701 4553 887 4630 degenerant,
904 4562 1065 4643 amputare.
1096 4557 1216 4616 Interim
1230 4567 1281 4616 eos
1297 4555 1396 4629 etiam,
