<?xml version="1.0" encoding="UTF-8"?>
<!DOCTYPE html PUBLIC "-//W3C//DTD XHTML 1.0 Transitional//EN"
    "http://www.w3.org/TR/xhtml1/DTD/xhtml1-transitional.dtd">
<html xmlns="http://www.w3.org/1999/xhtml" xml:lang="en" lang="en">
 <head>
  <title>
</title>
<meta http-equiv="Content-Type" content="text/html;charset=utf-8" />
  <meta name='ocr-system' content='tesseract 3.04.00' />
  <meta name='ocr-capabilities' content='ocr_page ocr_carea ocr_par ocr_line ocrx_word'/>
</head>
<body>
  <div class='ocr_page' id='page_1' title='image "./desgrafenwolrad02trosgoog_0262.png"; bbox 0 0 3020 5112; ppageno 0'>
   <div class='ocr_carea' id='block_1_1' title="bbox 665 413 748 496">
    <p class='ocr_par' dir='ltr' id='par_1_1' title="bbox 665 413 748 496">
     <span class='ocr_line' id='line_1_1' title="bbox 665 413 748 496; baseline 0 -12"><span class='ocrx_word' id='word_1_1' title='bbox 665 413 748 496; x_wconf 65' lang='lat'><strong>20¹,</strong></span> 
     </span>
    </p>
   </div>
   <div class='ocr_carea' id='block_1_2' title="bbox 105 596 1293 2042">
    <p class='ocr_par' dir='ltr' id='par_1_2' title="bbox 105 596 1285 788">
     <span class='ocr_line' id='line_1_2' title="bbox 105 596 1285 674; baseline -0.002 -10"><span class='ocrx_word' id='word_1_2' title='bbox 105 601 294 664; x_wconf 67' lang='lat' dir='ltr'><strong>modendi</strong></span> <span class='ocrx_word' id='word_1_3' title='bbox 312 599 435 674; x_wconf 72' lang='lat' dir='ltr'><strong>glor-im</strong></span> <span class='ocrx_word' id='word_1_4' title='bbox 456 599 566 662; x_wconf 84' lang='lat' dir='ltr'><strong>dentre</strong></span> <span class='ocrx_word' id='word_1_5' title='bbox 586 597 728 674; x_wconf 70' lang='lat' dir='ltr'><strong>timetur.</strong></span> <span class='ocrx_word' id='word_1_6' title='bbox 766 596 820 660; x_wconf 78' lang='lat' dir='ltr'><strong>dui</strong></span> <span class='ocrx_word' id='word_1_7' title='bbox 844 613 908 660; x_wconf 84' lang='lat' dir='ltr'><strong>eum</strong></span> <span class='ocrx_word' id='word_1_8' title='bbox 930 597 1029 668; x_wconf 85' lang='lat' dir='ltr'><strong>eedem</strong></span> <span class='ocrx_word' id='word_1_9' title='bbox 1051 597 1112 662; x_wconf 83' lang='lat' dir='ltr'><strong>biis</strong></span> <span class='ocrx_word' id='word_1_10' title='bbox 1136 607 1166 664; x_wconf 86' lang='lat' dir='ltr'><strong>et</strong></span> <span class='ocrx_word' id='word_1_11' title='bbox 1186 608 1285 664; x_wconf 81' lang='lat' dir='ltr'><strong>sumto</strong></span> 
     </span>
     <span class='ocr_line' id='line_1_3' title="bbox 105 705 965 788; baseline -0.002 -22"><span class='ocrx_word' id='word_1_12' title='bbox 105 707 223 782; x_wconf 84' lang='lat' dir='ltr'><strong>spiritu</strong></span> <span class='ocrx_word' id='word_1_13' title='bbox 237 705 329 766; x_wconf 88' lang='lat' dir='ltr'><strong>omnis</strong></span> <span class='ocrx_word' id='word_1_14' title='bbox 343 706 408 766; x_wconf 81' lang='lat' dir='ltr'><strong>leus</strong></span> <span class='ocrx_word' id='word_1_15' title='bbox 421 705 516 766; x_wconf 80' lang='lat' dir='ltr'><strong>henot</strong></span> <span class='ocrx_word' id='word_1_16' title='bbox 531 708 561 764; x_wconf 90' lang='lat' dir='ltr'><strong>et</strong></span> <span class='ocrx_word' id='word_1_17' title='bbox 574 705 667 788; x_wconf 71' lang='lat' dir='ltr'><strong>glorie</strong></span> <span class='ocrx_word' id='word_1_18' title='bbox 678 707 712 768; x_wconf 89' lang='lat' dir='ltr'><strong>in</strong></span> <span class='ocrx_word' id='word_1_19' title='bbox 727 706 853 768; x_wconf 74' lang='lat' dir='ltr'><strong>mentum</strong></span> <span class='ocrx_word' id='word_1_20' title='bbox 867 705 965 766; x_wconf 78' lang='lat' dir='ltr'><strong>seduli.</strong></span> 
     </span>
    </p>

    <p class='ocr_par' dir='ltr' id='par_1_3' title="bbox 107 809 1293 2042">
     <span class='ocr_line' id='line_1_4' title="bbox 206 809 1293 885; baseline 0.001 -13"><span class='ocrx_word' id='word_1_21' title='bbox 206 811 317 872; x_wconf 85' lang='lat' dir='ltr'><strong>Eodem</strong></span> <span class='ocrx_word' id='word_1_22' title='bbox 338 809 426 885; x_wconf 73' lang='lat' dir='ltr'><strong>igitur</strong></span> <span class='ocrx_word' id='word_1_23' title='bbox 446 823 523 872; x_wconf 86' lang='lat' dir='ltr'><strong>nouo</strong></span> <span class='ocrx_word' id='word_1_24' title='bbox 542 809 673 870; x_wconf 83' lang='lat' dir='ltr'><strong>anusrii</strong></span> <span class='ocrx_word' id='word_1_25' title='bbox 691 809 739 872; x_wconf 88' lang='lat' dir='ltr'><strong>die</strong></span> <span class='ocrx_word' id='word_1_26' title='bbox 757 809 883 874; x_wconf 87' lang='lat' dir='ltr'><strong>illustres</strong></span> <span class='ocrx_word' id='word_1_27' title='bbox 905 809 1049 885; x_wconf 82' lang='lat' dir='ltr'><strong>prinsipes</strong></span> <span class='ocrx_word' id='word_1_28' title='bbox 1073 811 1241 872; x_wconf 80' lang='lat' dir='ltr'><strong>wilhelmus</strong></span> <span class='ocrx_word' id='word_1_29' title='bbox 1257 818 1293 874; x_wconf 89' lang='lat' dir='ltr'><strong>st·</strong></span> 
     </span>
     <span class='ocr_line' id='line_1_5' title="bbox 107 913 1285 992; baseline 0 -16"><span class='ocrx_word' id='word_1_30' title='bbox 107 915 260 992; x_wconf 75' lang='lat' dir='ltr'>Georgius</span> <span class='ocrx_word' id='word_1_31' title='bbox 274 916 517 989; x_wconf 75' lang='lat' dir='ltr'><strong>mnesmpsrer</strong></span> <span class='ocrx_word' id='word_1_32' title='bbox 532 921 561 976; x_wconf 87' lang='lat' dir='ltr'><strong>et</strong></span> <span class='ocrx_word' id='word_1_33' title='bbox 575 913 652 976; x_wconf 85' lang='lat' dir='ltr'><strong>iilius</strong></span> <span class='ocrx_word' id='word_1_34' title='bbox 667 917 785 976; x_wconf 77' lang='lat' dir='ltr'><strong>comites</strong></span> <span class='ocrx_word' id='word_1_35' title='bbox 801 931 835 976; x_wconf 82' lang='lat' dir='ltr'><strong>re</strong></span> <span class='ocrx_word' id='word_1_36' title='bbox 850 915 960 976; x_wconf 85' lang='lat' dir='ltr'><strong>domini</strong></span> <span class='ocrx_word' id='word_1_37' title='bbox 975 915 1200 991; x_wconf 78' lang='lat' dir='ltr'><strong>ehflenneberg</strong></span> <span class='ocrx_word' id='word_1_38' title='bbox 1214 921 1285 976; x_wconf 89' lang='lat' dir='ltr'><strong>stre-</strong></span> 
     </span>
     <span class='ocr_line' id='line_1_6' title="bbox 107 1020 1284 1096; baseline -0.002 -12"><span class='ocrx_word' id='word_1_39' title='bbox 107 1039 204 1084; x_wconf 88' lang='lat' dir='ltr'><strong>uumn</strong></span> <span class='ocrx_word' id='word_1_40' title='bbox 218 1021 310 1080; x_wconf 79' lang='lat' dir='ltr'><strong>uirum</strong></span> <span class='ocrx_word' id='word_1_41' title='bbox 326 1020 525 1082; x_wconf 78' lang='lat' dir='ltr'><strong>Sebusdeuum</strong></span> <span class='ocrx_word' id='word_1_42' title='bbox 540 1037 558 1080; x_wconf 83' lang='lat' dir='ltr'><strong>e</strong></span> <span class='ocrx_word' id='word_1_43' title='bbox 572 1020 768 1096; x_wconf 76' lang='lat' dir='ltr'><strong>Vitnenbsgeu</strong></span> <span class='ocrx_word' id='word_1_44' title='bbox 780 1021 840 1082; x_wconf 89' lang='lat' dir='ltr'><strong>suis</strong></span> <span class='ocrx_word' id='word_1_45' title='bbox 855 1020 969 1093; x_wconf 85' lang='lat' dir='ltr'><strong>litteris,</strong></span> <span class='ocrx_word' id='word_1_46' title='bbox 990 1025 1023 1080; x_wconf 89' lang='lat' dir='ltr'><strong>ut</strong></span> <span class='ocrx_word' id='word_1_47' title='bbox 1036 1025 1148 1094; x_wconf 79' lang='lat' dir='ltr'><strong>vorent,</strong></span> <span class='ocrx_word' id='word_1_48' title='bbox 1164 1021 1284 1082; x_wconf 86' lang='lat' dir='ltr'><strong>ereden-</strong></span> 
     </span>
     <span class='ocr_line' id='line_1_7' title="bbox 108 1116 1285 1202; baseline 0.001 -16"><span class='ocrx_word' id='word_1_49' title='bbox 108 1129 221 1188; x_wconf 83' lang='lat' dir='ltr'><strong>tisrum</strong></span> <span class='ocrx_word' id='word_1_50' title='bbox 242 1127 273 1186; x_wconf 89' lang='lat' dir='ltr'><strong>in</strong></span> <span class='ocrx_word' id='word_1_51' title='bbox 291 1125 348 1187; x_wconf 86' lang='lat' dir='ltr'><strong>hoe</strong></span> <span class='ocrx_word' id='word_1_52' title='bbox 367 1125 406 1186; x_wconf 79' lang='lat' dir='ltr'><strong>sd</strong></span> <span class='ocrx_word' id='word_1_53' title='bbox 425 1141 479 1186; x_wconf 86' lang='lat' dir='ltr'><strong>uos</strong></span> <span class='ocrx_word' id='word_1_54' title='bbox 500 1125 576 1186; x_wconf 83' lang='lat' dir='ltr'><strong>detis</strong></span> <span class='ocrx_word' id='word_1_55' title='bbox 590 1125 647 1186; x_wconf 85' lang='lat' dir='ltr'><strong>hue</strong></span> <span class='ocrx_word' id='word_1_56' title='bbox 661 1116 830 1202; x_wconf 77' lang='lat' dir='ltr'><strong>Weidegsm</strong></span> <span class='ocrx_word' id='word_1_57' title='bbox 843 1126 992 1200; x_wconf 75' lang='lat' dir='ltr'><strong>miserum,</strong></span> <span class='ocrx_word' id='word_1_58' title='bbox 1012 1126 1060 1200; x_wconf 86' lang='lat' dir='ltr'><strong>qui</strong></span> <span class='ocrx_word' id='word_1_59' title='bbox 1075 1127 1168 1200; x_wconf 89' lang='lat' dir='ltr'><strong>primo</strong></span> <span class='ocrx_word' id='word_1_60' title='bbox 1182 1142 1235 1188; x_wconf 84' lang='lat' dir='ltr'><strong>nos</strong></span> <span class='ocrx_word' id='word_1_61' title='bbox 1249 1126 1285 1187; x_wconf 91' lang='lat' dir='ltr'><strong>de</strong></span> 
     </span>
     <span class='ocr_line' id='line_1_8' title="bbox 108 1228 1286 1318; baseline -0.002 -26"><span class='ocrx_word' id='word_1_62' title='bbox 108 1231 294 1307; x_wconf 75' lang='lat' dir='ltr'><strong>benignitate</strong></span> <span class='ocrx_word' id='word_1_63' title='bbox 309 1235 339 1291; x_wconf 91' lang='lat' dir='ltr'><strong>et</strong></span> <span class='ocrx_word' id='word_1_64' title='bbox 354 1232 462 1318; x_wconf 82' lang='lat' dir='ltr'><strong>optime</strong></span> <span class='ocrx_word' id='word_1_65' title='bbox 476 1229 580 1292; x_wconf 81' lang='lat' dir='ltr'><strong>sdeetu</strong></span> <span class='ocrx_word' id='word_1_66' title='bbox 593 1231 753 1305; x_wconf 74' lang='lat' dir='ltr'>principum</span> <span class='ocrx_word' id='word_1_67' title='bbox 766 1243 884 1292; x_wconf 37' lang='lat' dir='ltr'><strong>*suorum</strong></span> <span class='ocrx_word' id='word_1_68' title='bbox 899 1246 970 1306; x_wconf 78' lang='lat' dir='ltr'><strong>erge</strong></span> <span class='ocrx_word' id='word_1_69' title='bbox 983 1246 1036 1290; x_wconf 88' lang='lat' dir='ltr'><strong>nos</strong></span> <span class='ocrx_word' id='word_1_70' title='bbox 1047 1247 1114 1292; x_wconf 79' lang='lat' dir='ltr'><strong>eum</strong></span> <span class='ocrx_word' id='word_1_71' title='bbox 1127 1228 1286 1292; x_wconf 73' lang='lat' dir='ltr'><strong>officiorum</strong></span> 
     </span>
     <span class='ocr_line' id='line_1_9' title="bbox 109 1319 1287 1420; baseline -0.002 -22"><span class='ocrx_word' id='word_1_72' title='bbox 109 1353 262 1414; x_wconf 83' lang='lat' dir='ltr'><strong>propense</strong></span> <span class='ocrx_word' id='word_1_73' title='bbox 280 1319 430 1398; x_wconf 70' lang='lat' dir='ltr'><strong>voluntate</strong></span> <span class='ocrx_word' id='word_1_74' title='bbox 456 1334 710 1398; x_wconf 73' lang='lat' dir='ltr'><strong>commonefaciens</strong></span> <span class='ocrx_word' id='word_1_75' title='bbox 724 1337 840 1420; x_wconf 19' lang='lat' dir='ltr'><strong>*deinde</strong></span> <span class='ocrx_word' id='word_1_76' title='bbox 862 1337 976 1411; x_wconf 90' lang='lat' dir='ltr'><strong>retulit,</strong></span> <span class='ocrx_word' id='word_1_77' title='bbox 1005 1336 1134 1396; x_wconf 87' lang='lat' dir='ltr'><strong>dominos</strong></span> <span class='ocrx_word' id='word_1_78' title='bbox 1155 1353 1222 1396; x_wconf 88' lang='lat' dir='ltr'><strong>suos</strong></span> <span class='ocrx_word' id='word_1_79' title='bbox 1244 1337 1287 1396; x_wconf 90' lang='lat' dir='ltr'><strong>illi</strong></span> 
     </span>
     <span class='ocr_line' id='line_1_10' title="bbox 109 1441 1285 1531; baseline -0.002 -29"><span class='ocrx_word' id='word_1_80' title='bbox 109 1447 274 1516; x_wconf 78' lang='lat' dir='ltr'><strong>presentes</strong></span> <span class='ocrx_word' id='word_1_81' title='bbox 288 1441 400 1504; x_wconf 79' lang='lat' dir='ltr'><strong>litteras</strong></span> <span class='ocrx_word' id='word_1_82' title='bbox 415 1443 598 1504; x_wconf 72' lang='lat' dir='ltr'><strong>illustrissimi</strong></span> <span class='ocrx_word' id='word_1_83' title='bbox 612 1447 642 1504; x_wconf 89' lang='lat' dir='ltr'><strong>et</strong></span> <span class='ocrx_word' id='word_1_84' title='bbox 655 1443 755 1518; x_wconf 84' lang='lat' dir='ltr'><strong>optimi</strong></span> <span class='ocrx_word' id='word_1_85' title='bbox 768 1441 788 1502; x_wconf 87' lang='lat' dir='ltr'>J</span> <span class='ocrx_word' id='word_1_86' title='bbox 789 1443 889 1504; x_wconf 83' lang='lat' dir='ltr'><strong>osunis</strong></span> <span class='ocrx_word' id='word_1_87' title='bbox 903 1441 1045 1531; x_wconf 82' lang='lat' dir='ltr'><strong>Frideriei</strong></span> <span class='ocrx_word' id='word_1_88' title='bbox 1059 1441 1285 1505; x_wconf 72' lang='lat' dir='ltr'><strong>durissmonis</strong></span> 
     </span>
     <span class='ocr_line' id='line_1_11' title="bbox 110 1533 1284 1634; baseline 0 -26"><span class='ocrx_word' id='word_1_89' title='bbox 110 1548 250 1634; x_wconf 75' lang='lat' dir='ltr'><strong>elecem</strong></span> <span class='ocrx_word' id='word_1_90' title='bbox 265 1549 326 1608; x_wconf 78' lang='lat' dir='ltr'><strong>sss</strong></span> <span class='ocrx_word' id='word_1_91' title='bbox 341 1545 514 1622; x_wconf 59' lang='lat' dir='ltr'><strong>unimam</strong></span> <span class='ocrx_word' id='word_1_92' title='bbox 529 1547 694 1624; x_wconf 70' lang='lat' dir='ltr'><strong>uhmmgse</strong></span> <span class='ocrx_word' id='word_1_93' title='bbox 714 1547 1068 1610; x_wconf 66' lang='lat' dir='ltr'><strong>senseresensere</strong></span> <span class='ocrx_word' id='word_1_94' title='bbox 1089 1547 1126 1608; x_wconf 78' lang='lat' dir='ltr'><strong>ss</strong></span> <span class='ocrx_word' id='word_1_95' title='bbox 1140 1533 1219 1624; x_wconf 72' lang='lat' dir='ltr'><strong>ipsos</strong></span> <span class='ocrx_word' id='word_1_96' title='bbox 1234 1548 1284 1608; x_wconf 74' lang='lat' dir='ltr'><strong>ss-</strong></span> 
     </span>
     <span class='ocr_line' id='line_1_12' title="bbox 111 1651 1286 1730; baseline 0 -16"><span class='ocrx_word' id='word_1_97' title='bbox 111 1659 160 1714; x_wconf 84' lang='lat' dir='ltr'><strong>tss</strong></span> <span class='ocrx_word' id='word_1_98' title='bbox 176 1653 259 1717; x_wconf 87' lang='lat' dir='ltr'><strong>nobis</strong></span> <span class='ocrx_word' id='word_1_99' title='bbox 274 1651 448 1716; x_wconf 77' lang='lat' dir='ltr'><strong>exhibendus</strong></span> <span class='ocrx_word' id='word_1_100' title='bbox 462 1652 657 1728; x_wconf 74' lang='lat' dir='ltr'><strong>legentesque</strong></span> <span class='ocrx_word' id='word_1_101' title='bbox 670 1654 843 1730; x_wconf 84' lang='lat' dir='ltr'><strong>injunxisse,</strong></span> <span class='ocrx_word' id='word_1_102' title='bbox 864 1653 963 1714; x_wconf 69' lang='lat' dir='ltr'><strong>additu</strong></span> <span class='ocrx_word' id='word_1_103' title='bbox 977 1653 1092 1712; x_wconf 82' lang='lat' dir='ltr'><strong>numine</strong></span> <span class='ocrx_word' id='word_1_104' title='bbox 1107 1651 1286 1714; x_wconf 88' lang='lat' dir='ltr'><strong>dominorum</strong></span> 
     </span>
     <span class='ocr_line' id='line_1_13' title="bbox 111 1757 1286 1834; baseline -0.003 -14"><span class='ocrx_word' id='word_1_105' title='bbox 111 1776 232 1820; x_wconf 85' lang='lat' dir='ltr'><strong>suorum</strong></span> <span class='ocrx_word' id='word_1_106' title='bbox 252 1760 406 1834; x_wconf 72' lang='lat' dir='ltr'><strong>petitione,</strong></span> <span class='ocrx_word' id='word_1_107' title='bbox 432 1758 530 1818; x_wconf 86' lang='lat' dir='ltr'><strong>uthis</strong></span> <span class='ocrx_word' id='word_1_108' title='bbox 549 1757 683 1833; x_wconf 79' lang='lat' dir='ltr'><strong>perlectis</strong></span> <span class='ocrx_word' id='word_1_109' title='bbox 704 1763 733 1820; x_wconf 88' lang='lat' dir='ltr'><strong>et</strong></span> <span class='ocrx_word' id='word_1_110' title='bbox 754 1757 904 1833; x_wconf 71' lang='lat' dir='ltr'><strong>pensitatis</strong></span> <span class='ocrx_word' id='word_1_111' title='bbox 925 1763 1007 1818; x_wconf 75' lang='lat' dir='ltr'><strong>tento</strong></span> <span class='ocrx_word' id='word_1_112' title='bbox 1028 1757 1151 1833; x_wconf 81' lang='lat' dir='ltr'><strong>principi</strong></span> <span class='ocrx_word' id='word_1_113' title='bbox 1173 1759 1204 1823; x_wconf 85' lang='lat' dir='ltr'><strong>in</strong></span> <span class='ocrx_word' id='word_1_114' title='bbox 1226 1764 1286 1818; x_wconf 82' lang='lat' dir='ltr'><strong>tem</strong></span> 
     </span>
     <span class='ocr_line' id='line_1_14' title="bbox 111 1841 1284 1952; baseline -0.003 -26"><span class='ocrx_word' id='word_1_115' title='bbox 111 1866 237 1926; x_wconf 87' lang='lat' dir='ltr'><strong>honesto</strong></span> <span class='ocrx_word' id='word_1_116' title='bbox 252 1870 282 1926; x_wconf 87' lang='lat' dir='ltr'><strong>et</strong></span> <span class='ocrx_word' id='word_1_117' title='bbox 295 1865 344 1938; x_wconf 90' lang='lat' dir='ltr'><strong>pio</strong></span> <span class='ocrx_word' id='word_1_118' title='bbox 360 1864 422 1938; x_wconf 64' lang='lat' dir='ltr'><strong>dus</strong></span> <span class='ocrx_word' id='word_1_119' title='bbox 436 1863 568 1924; x_wconf 85' lang='lat' dir='ltr'><strong>instituto</strong></span> <span class='ocrx_word' id='word_1_120' title='bbox 588 1879 697 1926; x_wconf 88' lang='lat' dir='ltr'><strong>morem</strong></span> <span class='ocrx_word' id='word_1_121' title='bbox 718 1879 822 1952; x_wconf 77' lang='lat' dir='ltr'><strong>gerere</strong></span> <span class='ocrx_word' id='word_1_122' title='bbox 836 1879 894 1922; x_wconf 87' lang='lat' dir='ltr'><strong>nun</strong></span> <span class='ocrx_word' id='word_1_123' title='bbox 908 1850 1144 1939; x_wconf 71' lang='lat' dir='ltr'><strong>detrectaremus,</strong></span> <span class='ocrx_word' id='word_1_124' title='bbox 1162 1841 1284 1937; x_wconf 76' lang='lat' dir='ltr'><strong>preser-</strong></span> 
     </span>
     <span class='ocr_line' id='line_1_15' title="bbox 112 1967 1285 2042; baseline -0.003 -10"><span class='ocrx_word' id='word_1_125' title='bbox 112 1973 167 2032; x_wconf 92' lang='lat' dir='ltr'><strong>tim</strong></span> <span class='ocrx_word' id='word_1_126' title='bbox 183 1985 249 2031; x_wconf 87' lang='lat' dir='ltr'><strong>eum</strong></span> <span class='ocrx_word' id='word_1_127' title='bbox 262 1971 293 2030; x_wconf 89' lang='lat' dir='ltr'><strong>id</strong></span> <span class='ocrx_word' id='word_1_128' title='bbox 308 1969 390 2030; x_wconf 84' lang='lat' dir='ltr'><strong>nobis</strong></span> <span class='ocrx_word' id='word_1_129' title='bbox 406 1975 436 2034; x_wconf 84' lang='lat' dir='ltr'><strong>et</strong></span> <span class='ocrx_word' id='word_1_130' title='bbox 449 1970 553 2034; x_wconf 88' lang='lat' dir='ltr'><strong>honori</strong></span> <span class='ocrx_word' id='word_1_131' title='bbox 568 1973 598 2030; x_wconf 87' lang='lat' dir='ltr'><strong>et</strong></span> <span class='ocrx_word' id='word_1_132' title='bbox 613 1968 762 2030; x_wconf 77' lang='lat' dir='ltr'><strong>dommodo</strong></span> <span class='ocrx_word' id='word_1_133' title='bbox 777 1967 914 2030; x_wconf 73' lang='lat' dir='ltr'><strong>&#39;eederet</strong></span> <span class='ocrx_word' id='word_1_134' title='bbox 933 1968 969 2028; x_wconf 91' lang='lat' dir='ltr'><strong>Id</strong></span> <span class='ocrx_word' id='word_1_135' title='bbox 982 1969 1081 2029; x_wconf 83' lang='lat' dir='ltr'><strong>umbos</strong></span> <span class='ocrx_word' id='word_1_136' title='bbox 1097 1984 1164 2028; x_wconf 87' lang='lat' dir='ltr'><strong>suos</strong></span> <span class='ocrx_word' id='word_1_137' title='bbox 1178 1969 1285 2042; x_wconf 83' lang='lat' dir='ltr'><strong>prinei·</strong></span> 
     </span>
    </p>
   </div>
   <div class='ocr_carea' id='block_1_3' title="bbox 112 2073 1393 2586">
    <p class='ocr_par' dir='ltr' id='par_1_4' title="bbox 112 2073 1286 2255">
     <span class='ocr_line' id='line_1_16' title="bbox 112 2073 1286 2153; baseline 0 -16"><span class='ocrx_word' id='word_1_138' title='bbox 112 2093 167 2153; x_wconf 86' lang='lat' dir='ltr'><strong>pes</strong></span> <span class='ocrx_word' id='word_1_139' title='bbox 183 2075 288 2137; x_wconf 87' lang='lat' dir='ltr'><strong>obnixe</strong></span> <span class='ocrx_word' id='word_1_140' title='bbox 303 2073 467 2150; x_wconf 81' lang='lat' dir='ltr'><strong>depreesri,</strong></span> <span class='ocrx_word' id='word_1_141' title='bbox 492 2089 529 2134; x_wconf 91' lang='lat' dir='ltr'><strong>ne</strong></span> <span class='ocrx_word' id='word_1_142' title='bbox 549 2075 595 2134; x_wconf 84' lang='lat' dir='ltr'><strong>vel</strong></span> <span class='ocrx_word' id='word_1_143' title='bbox 615 2081 701 2134; x_wconf 81' lang='lat' dir='ltr'><strong>untm</strong></span> <span class='ocrx_word' id='word_1_144' title='bbox 722 2075 797 2136; x_wconf 77' lang='lat' dir='ltr'><strong>hune</strong></span> <span class='ocrx_word' id='word_1_145' title='bbox 815 2075 1009 2150; x_wconf 83' lang='lat' dir='ltr'><strong>precationem</strong></span> <span class='ocrx_word' id='word_1_146' title='bbox 1032 2073 1237 2149; x_wconf 55' lang='lat' dir='ltr'><strong>sbnueremus„</strong></span> <span class='ocrx_word' id='word_1_147' title='bbox 1254 2089 1286 2136; x_wconf 86' lang='lat' dir='ltr'><strong>se</strong></span> 
     </span>
     <span class='ocr_line' id='line_1_17' title="bbox 112 2163 1181 2255; baseline -0.005 -13"><span class='ocrx_word' id='word_1_148' title='bbox 112 2182 240 2244; x_wconf 75' lang='lat' dir='ltr'><strong>vicissim</strong></span> <span class='ocrx_word' id='word_1_149' title='bbox 255 2179 338 2240; x_wconf 88' lang='lat' dir='ltr'><strong>nobis</strong></span> <span class='ocrx_word' id='word_1_150' title='bbox 353 2185 383 2240; x_wconf 90' lang='lat' dir='ltr'><strong>et</strong></span> <span class='ocrx_word' id='word_1_151' title='bbox 397 2195 520 2255; x_wconf 86' lang='lat' dir='ltr'><strong>eorpore</strong></span> <span class='ocrx_word' id='word_1_152' title='bbox 534 2179 660 2242; x_wconf 83' lang='lat' dir='ltr'><strong>etbeuis</strong></span> <span class='ocrx_word' id='word_1_153' title='bbox 675 2180 771 2240; x_wconf 83' lang='lat' dir='ltr'><strong>omniu</strong></span> <span class='ocrx_word' id='word_1_154' title='bbox 785 2184 870 2254; x_wconf 75' lang='lat' dir='ltr'><strong>grets</strong></span> <span class='ocrx_word' id='word_1_155' title='bbox 883 2177 978 2240; x_wconf 77' lang='lat' dir='ltr'><strong>officie</strong></span> <span class='ocrx_word' id='word_1_156' title='bbox 992 2163 1181 2253; x_wconf 68' lang='lat' dir='ltr'><strong>presbiteros.</strong></span> 
     </span>
    </p>

    <p class='ocr_par' dir='ltr' id='par_1_5' title="bbox 114 2275 1393 2586">
     <span class='ocr_line' id='line_1_18' title="bbox 168 2275 1286 2376; baseline -0.004 -28"><span class='ocrx_word' id='word_1_157' title='bbox 168 2371 170 2376; x_wconf 65' lang='lat'>,</span> <span class='ocrx_word' id='word_1_158' title='bbox 205 2287 277 2348; x_wconf 79' lang='lat' dir='ltr'><strong>Haee</strong></span> <span class='ocrx_word' id='word_1_159' title='bbox 297 2302 316 2346; x_wconf 86' lang='lat' dir='ltr'><strong>s</strong></span> <span class='ocrx_word' id='word_1_160' title='bbox 335 2285 413 2364; x_wconf 81' lang='lat' dir='ltr'><strong>dieto</strong></span> <span class='ocrx_word' id='word_1_161' title='bbox 429 2285 597 2348; x_wconf 73' lang='lat' dir='ltr'><strong>Sebastiam</strong></span> <span class='ocrx_word' id='word_1_162' title='bbox 617 2301 674 2374; x_wconf 82' lang='lat' dir='ltr'><strong>qus</strong></span> <span class='ocrx_word' id='word_1_163' title='bbox 693 2284 775 2346; x_wconf 87' lang='lat' dir='ltr'><strong>deret</strong></span> <span class='ocrx_word' id='word_1_164' title='bbox 794 2286 958 2376; x_wconf 80' lang='lat' dir='ltr'><strong>reverentis</strong></span> <span class='ocrx_word' id='word_1_165' title='bbox 979 2289 1010 2347; x_wconf 86' lang='lat' dir='ltr'><strong>et</strong></span> <span class='ocrx_word' id='word_1_166' title='bbox 1027 2275 1117 2346; x_wconf 77' lang='lat' dir='ltr'><strong>smine</strong></span> <span class='ocrx_word' id='word_1_167' title='bbox 1139 2283 1286 2346; x_wconf 71' lang='lat' dir='ltr'><strong>voluntate</strong></span> 
     </span>
     <span class='ocr_line' id='line_1_19' title="bbox 115 2374 1319 2466; baseline -0.002 -14"><span class='ocrx_word' id='word_1_168' title='bbox 115 2393 232 2454; x_wconf 86' lang='lat' dir='ltr'><strong>nomine</strong></span> <span class='ocrx_word' id='word_1_169' title='bbox 241 2391 422 2452; x_wconf 87' lang='lat' dir='ltr'><strong>dominorum</strong></span> <span class='ocrx_word' id='word_1_170' title='bbox 429 2407 547 2452; x_wconf 88' lang='lat' dir='ltr'><strong>suorum</strong></span> <span class='ocrx_word' id='word_1_171' title='bbox 561 2391 730 2466; x_wconf 71' lang='lat' dir='ltr'><strong>accepimus,</strong></span> <span class='ocrx_word' id='word_1_172' title='bbox 745 2390 965 2466; x_wconf 86' lang='lat' dir='ltr'><strong>respondentes,</strong></span> <span class='ocrx_word' id='word_1_173' title='bbox 979 2391 1129 2466; x_wconf 79' lang='lat' dir='ltr'><strong>negocium</strong></span> <span class='ocrx_word' id='word_1_174' title='bbox 1138 2374 1198 2452; x_wconf 64' lang='lat' dir='ltr'><strong>‘hoo</strong></span> <span class='ocrx_word' id='word_1_175' title='bbox 1212 2391 1286 2464; x_wconf 89' lang='lat' dir='ltr'><strong>ejus·</strong></span> <span class='ocrx_word' id='word_1_176' title='bbox 1316 2403 1319 2408; x_wconf 87' lang='lat'>·</span> 
     </span>
     <span class='ocr_line' id='line_1_20' title="bbox 114 2495 1393 2586; baseline -0.001 -30"><span class='ocrx_word' id='word_1_177' title='bbox 114 2496 196 2558; x_wconf 89' lang='lat' dir='ltr'><strong>modi</strong></span> <span class='ocrx_word' id='word_1_178' title='bbox 211 2513 283 2570; x_wconf 87' lang='lat' dir='ltr'><strong>esee,</strong></span> <span class='ocrx_word' id='word_1_179' title='bbox 300 2503 333 2558; x_wconf 90' lang='lat' dir='ltr'><strong>ut</strong></span> <span class='ocrx_word' id='word_1_180' title='bbox 348 2497 554 2562; x_wconf 77' lang='lat' dir='ltr'><strong>deliberatione</strong></span> <span class='ocrx_word' id='word_1_181' title='bbox 573 2513 648 2571; x_wconf 86' lang='lat' dir='ltr'><strong>opus</strong></span> <span class='ocrx_word' id='word_1_182' title='bbox 665 2496 793 2586; x_wconf 51' lang='lat' dir='ltr'><strong>hebeat,</strong></span> <span class='ocrx_word' id='word_1_183' title='bbox 809 2514 867 2570; x_wconf 75' lang='lat' dir='ltr'><strong>qus</strong></span> <span class='ocrx_word' id='word_1_184' title='bbox 880 2495 980 2558; x_wconf 78' lang='lat' dir='ltr'><strong>habits</strong></span> <span class='ocrx_word' id='word_1_185' title='bbox 995 2513 1047 2562; x_wconf 79' lang='lat' dir='ltr'><strong>nos</strong></span> <span class='ocrx_word' id='word_1_186' title='bbox 1061 2497 1157 2569; x_wconf 82' lang='lat' dir='ltr'><strong>letius,</strong></span> <span class='ocrx_word' id='word_1_187' title='bbox 1173 2497 1221 2570; x_wconf 85' lang='lat' dir='ltr'><strong>qui</strong></span> <span class='ocrx_word' id='word_1_188' title='bbox 1237 2495 1287 2556; x_wconf 71' lang='lat' dir='ltr'><strong>de</strong></span> <span class='ocrx_word' id='word_1_189' title='bbox 1391 2514 1393 2519; x_wconf 92' lang='lat'>·</span> 
     </span>
    </p>
   </div>
   <div class='ocr_carea' id='block_1_4' title="bbox 115 2599 1290 4590">
    <p class='ocr_par' dir='ltr' id='par_1_6' title="bbox 115 2599 1286 2787">
     <span class='ocr_line' id='line_1_21' title="bbox 115 2599 1286 2677; baseline -0.003 -15"><span class='ocrx_word' id='word_1_190' title='bbox 115 2603 202 2662; x_wconf 86' lang='lat' dir='ltr'><strong>minis</strong></span> <span class='ocrx_word' id='word_1_191' title='bbox 226 2602 285 2662; x_wconf 88' lang='lat' dir='ltr'><strong>suis</strong></span> <span class='ocrx_word' id='word_1_192' title='bbox 299 2608 399 2664; x_wconf 87' lang='lat' dir='ltr'><strong>nostro</strong></span> <span class='ocrx_word' id='word_1_193' title='bbox 414 2602 528 2666; x_wconf 83' lang='lat' dir='ltr'><strong>nemine</strong></span> <span class='ocrx_word' id='word_1_194' title='bbox 546 2599 657 2674; x_wconf 72' lang='lat' dir='ltr'><strong>referre</strong></span> <span class='ocrx_word' id='word_1_195' title='bbox 676 2601 812 2677; x_wconf 86' lang='lat' dir='ltr'><strong>deberet,</strong></span> <span class='ocrx_word' id='word_1_196' title='bbox 832 2602 882 2663; x_wconf 89' lang='lat' dir='ltr'><strong>ubi</strong></span> <span class='ocrx_word' id='word_1_197' title='bbox 903 2617 991 2662; x_wconf 89' lang='lat' dir='ltr'><strong>uuum</strong></span> <span class='ocrx_word' id='word_1_198' title='bbox 1011 2605 1063 2662; x_wconf 85' lang='lat' dir='ltr'><strong>sut</strong></span> <span class='ocrx_word' id='word_1_199' title='bbox 1076 2602 1198 2662; x_wconf 87' lang='lat' dir='ltr'><strong>slterum</strong></span> <span class='ocrx_word' id='word_1_200' title='bbox 1211 2601 1286 2668; x_wconf 90' lang='lat' dir='ltr'><strong>diem</strong></span> 
     </span>
     <span class='ocr_line' id='line_1_22' title="bbox 115 2707 1168 2787; baseline -0.003 -19"><span class='ocrx_word' id='word_1_201' title='bbox 115 2709 163 2768; x_wconf 84' lang='lat' dir='ltr'><strong>hie</strong></span> <span class='ocrx_word' id='word_1_202' title='bbox 177 2708 328 2787; x_wconf 78' lang='lat' dir='ltr'><strong>quieverit,</strong></span> <span class='ocrx_word' id='word_1_203' title='bbox 344 2707 473 2770; x_wconf 76' lang='lat' dir='ltr'><strong>indidere</strong></span> <span class='ocrx_word' id='word_1_204' title='bbox 487 2707 570 2768; x_wconf 88' lang='lat' dir='ltr'><strong>velle.</strong></span> <span class='ocrx_word' id='word_1_205' title='bbox 1164 2715 1168 2722; x_wconf 81' lang='grc'><em>“</em></span> 
     </span>
    </p>

    <p class='ocr_par' dir='ltr' id='par_1_7' title="bbox 117 2809 1287 2987">
     <span class='ocr_line' id='line_1_23' title="bbox 227 2809 1287 2888; baseline -0.004 -16"><span class='ocrx_word' id='word_1_206' title='bbox 227 2813 384 2888; x_wconf 72' lang='lat' dir='ltr'><strong>Exemplar</strong></span> <span class='ocrx_word' id='word_1_207' title='bbox 412 2814 575 2876; x_wconf 81' lang='lat' dir='ltr'><strong>littersrum</strong></span> <span class='ocrx_word' id='word_1_208' title='bbox 610 2810 795 2872; x_wconf 81' lang='lat' dir='ltr'><strong>illustrissimi</strong></span> <span class='ocrx_word' id='word_1_209' title='bbox 831 2809 968 2886; x_wconf 74' lang='lat' dir='ltr'><strong>principis</strong></span> <span class='ocrx_word' id='word_1_210' title='bbox 996 2809 1116 2872; x_wconf 81' lang='lat' dir='ltr'><strong>Josnnis</strong></span> <span class='ocrx_word' id='word_1_211' title='bbox 1145 2809 1287 2874; x_wconf 78' lang='lat' dir='ltr'><strong>Erideriei</strong></span> 
     </span>
     <span class='ocr_line' id='line_1_24' title="bbox 117 2919 541 2987; baseline 0.017 -7"><span class='ocrx_word' id='word_1_212' title='bbox 117 2919 259 2982; x_wconf 75' lang='lat' dir='ltr'><strong>electoris.</strong></span> <span class='ocrx_word' id='word_1_213' title='bbox 522 2977 541 2987; x_wconf 30' lang='grc' dir='ltr'>η</span> 
     </span>
    </p>

    <p class='ocr_par' dir='ltr' id='par_1_8' title="bbox 115 3019 1290 4590">
     <span class='ocr_line' id='line_1_25' title="bbox 221 3019 1285 3107; baseline -0.006 -23"><span class='ocrx_word' id='word_1_214' title='bbox 221 3025 317 3084; x_wconf 85' lang='lat' dir='ltr'><strong>Vnser</strong></span> <span class='ocrx_word' id='word_1_215' title='bbox 331 3020 503 3086; x_wconf 81' lang='lat' dir='ltr'><strong>heuudtlicb</strong></span> <span class='ocrx_word' id='word_1_216' title='bbox 517 3021 615 3107; x_wconf 86' lang='lat' dir='ltr'><strong>dienst</strong></span> <span class='ocrx_word' id='word_1_217' title='bbox 625 3037 713 3082; x_wconf 84' lang='lat' dir='ltr'><strong>nuvor</strong></span> <span class='ocrx_word' id='word_1_218' title='bbox 727 3019 945 3096; x_wconf 77' lang='lat' dir='ltr'><strong>bethgeberner</strong></span> <span class='ocrx_word' id='word_1_219' title='bbox 958 3021 1050 3082; x_wconf 89' lang='lat' dir='ltr'><strong>lieber</strong></span> <span class='ocrx_word' id='word_1_220' title='bbox 1065 3021 1166 3086; x_wconf 84' lang='lat' dir='ltr'><strong>obeim.</strong></span> <span class='ocrx_word' id='word_1_221' title='bbox 1189 3019 1285 3080; x_wconf 79' lang='lat' dir='ltr'><strong>Nech-</strong></span> 
     </span>
     <span class='ocr_line' id='line_1_26' title="bbox 118 3123 1286 3202; baseline -0.007 -12"><span class='ocrx_word' id='word_1_222' title='bbox 118 3130 183 3190; x_wconf 86' lang='lat' dir='ltr'><strong>dem</strong></span> <span class='ocrx_word' id='word_1_223' title='bbox 198 3129 233 3188; x_wconf 89' lang='lat' dir='ltr'><strong>E.</strong></span> <span class='ocrx_word' id='word_1_224' title='bbox 250 3130 284 3188; x_wconf 91' lang='lat' dir='ltr'><strong>L.</strong></span> <span class='ocrx_word' id='word_1_225' title='bbox 307 3129 381 3189; x_wconf 90' lang='lat' dir='ltr'><strong>ohne</strong></span> <span class='ocrx_word' id='word_1_226' title='bbox 395 3126 532 3198; x_wconf 74' lang='lat' dir='ltr'><strong>Zweiliell</strong></span> <span class='ocrx_word' id='word_1_227' title='bbox 545 3128 682 3202; x_wconf 85' lang='lat' dir='ltr'><strong>wissenn,</strong></span> <span class='ocrx_word' id='word_1_228' title='bbox 705 3143 763 3186; x_wconf 83' lang='lat' dir='ltr'><strong>wes</strong></span> <span class='ocrx_word' id='word_1_229' title='bbox 782 3125 830 3185; x_wconf 88' lang='lat' dir='ltr'><strong>fur</strong></span> <span class='ocrx_word' id='word_1_230' title='bbox 852 3125 963 3186; x_wconf 78' lang='lat' dir='ltr'><strong>btumb</strong></span> <span class='ocrx_word' id='word_1_231' title='bbox 982 3124 1114 3186; x_wconf 81' lang='lat' dir='ltr'><strong>Andreas</strong></span> <span class='ocrx_word' id='word_1_232' title='bbox 1136 3123 1286 3198; x_wconf 83' lang='lat' dir='ltr'><strong>Osiender,</strong></span> 
     </span>
     <span class='ocr_line' id='line_1_27' title="bbox 118 3229 1287 3308; baseline -0.008 -12"><span class='ocrx_word' id='word_1_233' title='bbox 118 3235 240 3296; x_wconf 76' lang='lat' dir='ltr'><strong>welcher</strong></span> <span class='ocrx_word' id='word_1_234' title='bbox 264 3249 365 3294; x_wconf 88' lang='lat' dir='ltr'><strong>numer</strong></span> <span class='ocrx_word' id='word_1_235' title='bbox 390 3232 594 3308; x_wconf 85' lang='lat' dir='ltr'><strong>versterbenn,</strong></span> <span class='ocrx_word' id='word_1_236' title='bbox 624 3233 677 3292; x_wconf 91' lang='lat' dir='ltr'><strong>mit</strong></span> <span class='ocrx_word' id='word_1_237' title='bbox 706 3235 802 3292; x_wconf 89' lang='lat' dir='ltr'><strong>seiner</strong></span> <span class='ocrx_word' id='word_1_238' title='bbox 825 3229 1022 3306; x_wconf 75' lang='lat' dir='ltr'><strong>veriumsehen</strong></span> <span class='ocrx_word' id='word_1_239' title='bbox 1047 3230 1144 3290; x_wconf 87' lang='lat' dir='ltr'><strong>Leher</strong></span> <span class='ocrx_word' id='word_1_240' title='bbox 1167 3231 1198 3288; x_wconf 89' lang='lat' dir='ltr'><strong>in</strong></span> <span class='ocrx_word' id='word_1_241' title='bbox 1223 3229 1287 3289; x_wconf 89' lang='lat' dir='ltr'><strong>dem</strong></span> 
     </span>
     <span class='ocr_line' id='line_1_28' title="bbox 116 3335 1285 3414; baseline -0.005 -12"><span class='ocrx_word' id='word_1_242' title='bbox 116 3339 326 3414; x_wconf 77' lang='lat' dir='ltr'><strong>Heutuogtumb</strong></span> <span class='ocrx_word' id='word_1_243' title='bbox 341 3339 484 3400; x_wconf 85' lang='lat' dir='ltr'><strong>Preussen</strong></span> <span class='ocrx_word' id='word_1_244' title='bbox 498 3343 596 3414; x_wconf 79' lang='lat' dir='ltr'><strong>erregt</strong></span> <span class='ocrx_word' id='word_1_245' title='bbox 609 3337 867 3414; x_wconf 75' lang='lat' dir='ltr'><strong>rnndsugerieht,</strong></span> <span class='ocrx_word' id='word_1_246' title='bbox 896 3337 970 3398; x_wconf 81' lang='lat' dir='ltr'><strong>euch</strong></span> <span class='ocrx_word' id='word_1_247' title='bbox 985 3337 1087 3411; x_wconf 81' lang='lat' dir='ltr'><strong>deris,</strong></span> <span class='ocrx_word' id='word_1_248' title='bbox 1102 3336 1155 3396; x_wconf 82' lang='lat' dir='ltr'><strong>wie</strong></span> <span class='ocrx_word' id='word_1_249' title='bbox 1169 3337 1221 3396; x_wconf 83' lang='lat' dir='ltr'><strong>wir</strong></span> <span class='ocrx_word' id='word_1_250' title='bbox 1236 3335 1285 3396; x_wconf 87' lang='lat' dir='ltr'><strong>be·</strong></span> 
     </span>
     <span class='ocr_line' id='line_1_29' title="bbox 116 3441 1286 3520; baseline -0.005 -14"><span class='ocrx_word' id='word_1_251' title='bbox 116 3445 231 3520; x_wconf 85' lang='lat' dir='ltr'><strong>riebtet,</strong></span> <span class='ocrx_word' id='word_1_252' title='bbox 247 3457 374 3504; x_wconf 80' lang='lat' dir='ltr'><strong>vnsernn</strong></span> <span class='ocrx_word' id='word_1_253' title='bbox 387 3442 623 3516; x_wconf 80' lang='lat' dir='ltr'><strong>freuudtliebeuu</strong></span> <span class='ocrx_word' id='word_1_254' title='bbox 633 3443 790 3504; x_wconf 85' lang='lat' dir='ltr'><strong>Obeimeun</strong></span> <span class='ocrx_word' id='word_1_255' title='bbox 808 3441 1052 3518; x_wconf 75' lang='lat' dir='ltr'><strong>mndsenwsger</strong></span> <span class='ocrx_word' id='word_1_256' title='bbox 1074 3442 1151 3502; x_wconf 88' lang='lat' dir='ltr'><strong>denn</strong></span> <span class='ocrx_word' id='word_1_257' title='bbox 1164 3442 1286 3505; x_wconf 75' lang='lat' dir='ltr'><strong>Hermo·</strong></span> 
     </span>
     <span class='ocr_line' id='line_1_30' title="bbox 116 3543 1288 3627; baseline -0.005 -15"><span class='ocrx_word' id='word_1_258' title='bbox 116 3569 195 3627; x_wconf 78' lang='lat' dir='ltr'><strong>genu</strong></span> <span class='ocrx_word' id='word_1_259' title='bbox 214 3553 245 3610; x_wconf 90' lang='lat' dir='ltr'><strong>in</strong></span> <span class='ocrx_word' id='word_1_260' title='bbox 264 3551 420 3624; x_wconf 83' lang='lat' dir='ltr'><strong>Preussen,</strong></span> <span class='ocrx_word' id='word_1_261' title='bbox 445 3547 494 3612; x_wconf 73' lang='lat' dir='ltr'><strong>eie</strong></span> <span class='ocrx_word' id='word_1_262' title='bbox 513 3551 597 3612; x_wconf 85' lang='lat' dir='ltr'><strong>einen</strong></span> <span class='ocrx_word' id='word_1_263' title='bbox 618 3550 707 3610; x_wconf 85' lang='lat' dir='ltr'><strong>Alteu</strong></span> <span class='ocrx_word' id='word_1_264' title='bbox 721 3543 932 3624; x_wconf 76' lang='lat' dir='ltr'><strong>Versteudigen</strong></span> <span class='ocrx_word' id='word_1_265' title='bbox 951 3548 1030 3608; x_wconf 85' lang='lat' dir='ltr'><strong>vuud</strong></span> <span class='ocrx_word' id='word_1_266' title='bbox 1043 3549 1148 3613; x_wconf 70' lang='lat' dir='ltr'><strong>moisen</strong></span> <span class='ocrx_word' id='word_1_267' title='bbox 1162 3548 1288 3606; x_wconf 83' lang='lat' dir='ltr'><strong>Fursten</strong></span> 
     </span>
     <span class='ocr_line' id='line_1_31' title="bbox 117 3637 1288 3732; baseline -0.003 -16"><span class='ocrx_word' id='word_1_268' title='bbox 117 3657 313 3732; x_wconf 79' lang='lat' dir='ltr'><strong>Ingleiebnuss</strong></span> <span class='ocrx_word' id='word_1_269' title='bbox 335 3655 453 3730; x_wconf 77' lang='lat' dir='ltr'><strong>geleitet</strong></span> <span class='ocrx_word' id='word_1_270' title='bbox 472 3650 551 3716; x_wconf 81' lang='lat' dir='ltr'><strong>vend</strong></span> <span class='ocrx_word' id='word_1_271' title='bbox 574 3653 687 3730; x_wconf 79' lang='lat' dir='ltr'><strong>geiuert</strong></span> <span class='ocrx_word' id='word_1_272' title='bbox 700 3655 773 3716; x_wconf 71' lang='lat' dir='ltr'><strong>butt⁶</strong></span> <span class='ocrx_word' id='word_1_273' title='bbox 811 3655 878 3715; x_wconf 86' lang='lat' dir='ltr'><strong>Vnd</strong></span> <span class='ocrx_word' id='word_1_274' title='bbox 891 3637 1017 3714; x_wconf 75' lang='lat' dir='ltr'><strong>wiewsh·</strong></span> <span class='ocrx_word' id='word_1_275' title='bbox 1028 3651 1069 3710; x_wconf 83' lang='lat' dir='ltr'><strong>vii</strong></span> <span class='ocrx_word' id='word_1_276' title='bbox 1082 3653 1111 3712; x_wconf 84' lang='lat' dir='ltr'><strong>S.</strong></span> <span class='ocrx_word' id='word_1_277' title='bbox 1126 3652 1161 3710; x_wconf 86' lang='lat' dir='ltr'><strong>L.</strong></span> <span class='ocrx_word' id='word_1_278' title='bbox 1177 3651 1288 3718; x_wconf 85' lang='lat' dir='ltr'><strong>bittsnn</strong></span> 
     </span>
     <span class='ocr_line' id='line_1_32' title="bbox 117 3739 1288 3833; baseline -0.006 -11"><span class='ocrx_word' id='word_1_279' title='bbox 117 3762 197 3822; x_wconf 87' lang='lat' dir='ltr'><strong>vnnd</strong></span> <span class='ocrx_word' id='word_1_280' title='bbox 216 3759 382 3824; x_wconf 81' lang='lat' dir='ltr'><strong>eusueheun</strong></span> <span class='ocrx_word' id='word_1_281' title='bbox 402 3777 504 3822; x_wconf 81' lang='lat' dir='ltr'><strong>meere</strong></span> <span class='ocrx_word' id='word_1_282' title='bbox 527 3759 655 3822; x_wconf 84' lang='lat' dir='ltr'><strong>furneme</strong></span> <span class='ocrx_word' id='word_1_283' title='bbox 678 3759 844 3833; x_wconf 77' lang='lat' dir='ltr'><strong>Theologen</strong></span> <span class='ocrx_word' id='word_1_284' title='bbox 863 3739 1004 3818; x_wconf 81' lang='lat' dir='ltr'><strong>derinnen</strong></span> <span class='ocrx_word' id='word_1_285' title='bbox 1027 3757 1094 3816; x_wconf 90' lang='lat' dir='ltr'><strong>lhre</strong></span> <span class='ocrx_word' id='word_1_286' title='bbox 1117 3755 1288 3818; x_wconf 69' lang='lat' dir='ltr'><strong>christliche</strong></span> 
     </span>
     <span class='ocr_line' id='line_1_33' title="bbox 117 3862 1289 3942; baseline -0.003 -16"><span class='ocrx_word' id='word_1_287' title='bbox 117 3866 194 3928; x_wconf 87' lang='lat' dir='ltr'><strong>vnnd</strong></span> <span class='ocrx_word' id='word_1_288' title='bbox 209 3867 240 3926; x_wconf 89' lang='lat' dir='ltr'><strong>in</strong></span> <span class='ocrx_word' id='word_1_289' title='bbox 255 3865 407 3928; x_wconf 76' lang='lat' dir='ltr'><strong>Gotlieher</strong></span> <span class='ocrx_word' id='word_1_290' title='bbox 418 3864 524 3928; x_wconf 82' lang='lat' dir='ltr'><strong>sehriit</strong></span> <span class='ocrx_word' id='word_1_291' title='bbox 547 3865 721 3942; x_wconf 75' lang='lat' dir='ltr'><strong>ergrnudete</strong></span> <span class='ocrx_word' id='word_1_292' title='bbox 746 3862 913 3925; x_wconf 82' lang='lat' dir='ltr'><strong>bedeueken</strong></span> <span class='ocrx_word' id='word_1_293' title='bbox 937 3862 1010 3922; x_wconf 81' lang='lat' dir='ltr'><strong>such</strong></span> <span class='ocrx_word' id='word_1_294' title='bbox 1024 3862 1124 3922; x_wconf 82' lang='lat' dir='ltr'><strong>soviell</strong></span> <span class='ocrx_word' id='word_1_295' title='bbox 1139 3863 1289 3936; x_wconf 78' lang='lat' dir='ltr'><strong>engezeigt</strong></span> 
     </span>
     <span class='ocr_line' id='line_1_34' title="bbox 117 3956 1288 4047; baseline -0.004 -14"><span class='ocrx_word' id='word_1_296' title='bbox 117 3972 196 4034; x_wconf 80' lang='lat' dir='ltr'><strong>unnd</strong></span> <span class='ocrx_word' id='word_1_297' title='bbox 209 3971 379 4047; x_wconf 67' lang='lat' dir='ltr'><strong>dumetham,</strong></span> <span class='ocrx_word' id='word_1_298' title='bbox 396 3956 604 4046; x_wconf 68' lang='lat' dir='ltr'><strong>debgedsehts</strong></span> <span class='ocrx_word' id='word_1_299' title='bbox 625 3967 779 4030; x_wconf 79' lang='lat' dir='ltr'><strong>Osisnders</strong></span> <span class='ocrx_word' id='word_1_300' title='bbox 793 3969 933 4043; x_wconf 77' lang='lat' dir='ltr'><strong>Meinung</strong></span> <span class='ocrx_word' id='word_1_301' title='bbox 947 3967 1022 4042; x_wconf 78' lang='lat' dir='ltr'><strong>Irrig</strong></span> <span class='ocrx_word' id='word_1_302' title='bbox 1036 3967 1116 4028; x_wconf 85' lang='lat' dir='ltr'><strong>rnnd</strong></span> <span class='ocrx_word' id='word_1_303' title='bbox 1129 3965 1288 4028; x_wconf 77' lang='lat' dir='ltr'><strong>versuriseh</strong></span> 
     </span>
     <span class='ocr_line' id='line_1_35' title="bbox 118 4073 1288 4153; baseline -0.003 -15"><span class='ocrx_word' id='word_1_304' title='bbox 118 4080 167 4153; x_wconf 78' lang='lat' dir='ltr'><strong>ist,</strong></span> <span class='ocrx_word' id='word_1_305' title='bbox 181 4076 470 4142; x_wconf 74' lang='lat' dir='ltr'><strong>meleha-bedeneken</strong></span> <span class='ocrx_word' id='word_1_306' title='bbox 493 4075 567 4136; x_wconf 83' lang='lat' dir='ltr'><strong>ench</strong></span> <span class='ocrx_word' id='word_1_307' title='bbox 589 4075 618 4135; x_wconf 84' lang='lat' dir='ltr'><strong>S.</strong></span> <span class='ocrx_word' id='word_1_308' title='bbox 635 4075 670 4134; x_wconf 88' lang='lat' dir='ltr'><strong>L.</strong></span> <span class='ocrx_word' id='word_1_309' title='bbox 685 4075 786 4139; x_wconf 85' lang='lat' dir='ltr'><strong>hievor</strong></span> <span class='ocrx_word' id='word_1_310' title='bbox 807 4073 989 4148; x_wconf 78' lang='lat' dir='ltr'><strong>rugeschiekt</strong></span> <span class='ocrx_word' id='word_1_311' title='bbox 1007 4075 1070 4134; x_wconf 89' lang='lat' dir='ltr'><strong>sein</strong></span> <span class='ocrx_word' id='word_1_312' title='bbox 1089 4073 1240 4150; x_wconf 85' lang='lat' dir='ltr'><strong>wordenn,</strong></span> <span class='ocrx_word' id='word_1_313' title='bbox 1256 4091 1288 4134; x_wconf 86' lang='lat' dir='ltr'><strong>so</strong></span> 
     </span>
     <span class='ocr_line' id='line_1_36' title="bbox 115 4171 1289 4258; baseline -0.004 -15"><span class='ocrx_word' id='word_1_314' title='bbox 115 4171 219 4258; x_wconf 69' lang='lat' dir='ltr'><strong>&#39;kompt</strong></span> <span class='ocrx_word' id='word_1_315' title='bbox 233 4199 306 4244; x_wconf 85' lang='lat' dir='ltr'><strong>unns</strong></span> <span class='ocrx_word' id='word_1_316' title='bbox 322 4181 396 4242; x_wconf 86' lang='lat' dir='ltr'><strong>doeh</strong></span> <span class='ocrx_word' id='word_1_317' title='bbox 410 4179 466 4256; x_wconf 85' lang='lat' dir='ltr'><strong>fur,</strong></span> <span class='ocrx_word' id='word_1_318' title='bbox 482 4181 585 4242; x_wconf 79' lang='lat' dir='ltr'><strong>deses.</strong></span> <span class='ocrx_word' id='word_1_319' title='bbox 593 4180 627 4240; x_wconf 89' lang='lat' dir='ltr'><strong>L.</strong></span> <span class='ocrx_word' id='word_1_320' title='bbox 645 4177 796 4241; x_wconf 81' lang='lat' dir='ltr'><strong>desselben</strong></span> <span class='ocrx_word' id='word_1_321' title='bbox 807 4178 988 4254; x_wconf 71' lang='lat' dir='ltr'><strong>vngesehtet,</strong></span> <span class='ocrx_word' id='word_1_322' title='bbox 1005 4177 1069 4238; x_wconf 86' lang='lat' dir='ltr'><strong>dees</strong></span> <span class='ocrx_word' id='word_1_323' title='bbox 1083 4178 1289 4240; x_wconf 84' lang='lat' dir='ltr'><strong>OsisndersIr·</strong></span> 
     </span>
     <span class='ocr_line' id='line_1_37' title="bbox 118 4277 1290 4368; baseline -0.006 -19"><span class='ocrx_word' id='word_1_324' title='bbox 118 4287 435 4362; x_wconf 73' lang='lat' dir='ltr'><strong>tumbsnheuglg&#39;sein,</strong></span> <span class='ocrx_word' id='word_1_325' title='bbox 447 4277 1067 4368; x_wconf 72' lang='lat' dir='ltr'><strong>derderebduuninPreusseuniibttiiebem</strong></span> <span class='ocrx_word' id='word_1_326' title='bbox 1076 4285 1196 4344; x_wconf 82' lang='lat' dir='ltr'><strong>Reinem</strong></span> <span class='ocrx_word' id='word_1_327' title='bbox 1203 4284 1290 4344; x_wconf 86' lang='lat' dir='ltr'><strong>Wort</strong></span> 
     </span>
     <span class='ocr_line' id='line_1_38' title="bbox 117 4388 1287 4479; baseline -0.008 -25"><span class='ocrx_word' id='word_1_328' title='bbox 117 4393 198 4454; x_wconf 81' lang='lat' dir='ltr'><strong>vnnd</strong></span> <span class='ocrx_word' id='word_1_329' title='bbox 211 4393 276 4454; x_wconf 91' lang='lat' dir='ltr'><strong>dem</strong></span> <span class='ocrx_word' id='word_1_330' title='bbox 290 4392 425 4466; x_wconf 75' lang='lat' dir='ltr'><strong>heiligen</strong></span> <span class='ocrx_word' id='word_1_331' title='bbox 439 4393 613 4467; x_wconf 72' lang='lat' dir='ltr'><strong>Evangelio,</strong></span> <span class='ocrx_word' id='word_1_332' title='bbox 630 4389 703 4452; x_wconf 82' lang='lat' dir='ltr'><strong>euch</strong></span> <span class='ocrx_word' id='word_1_333' title='bbox 723 4389 779 4450; x_wconf 89' lang='lat' dir='ltr'><strong>den</strong></span> <span class='ocrx_word' id='word_1_334' title='bbox 793 4388 999 4464; x_wconf 77' lang='lat' dir='ltr'><strong>engeriebtenn</strong></span> <span class='ocrx_word' id='word_1_335' title='bbox 1014 4389 1202 4479; x_wconf 77' lang='lat' dir='ltr'><strong>Christhehen</strong></span> <span class='ocrx_word' id='word_1_336' title='bbox 1220 4389 1287 4446; x_wconf 87' lang='lat' dir='ltr'><strong>Kir-</strong></span> 
     </span>
     <span class='ocr_line' id='line_1_39' title="bbox 119 4487 1289 4590; baseline -0.006 -30"><span class='ocrx_word' id='word_1_337' title='bbox 119 4487 750 4575; x_wconf 74' lang='lat' dir='ltr'><strong>chenmdesspleiebenrielenniiottseligenn</strong></span> <span class='ocrx_word' id='word_1_338' title='bbox 759 4494 1289 4590; x_wconf 69' lang='lat' dir='ltr'><strong>presseriderwertigkeitzerruttung</strong></span> 
     </span>
    </p>
   </div>
   <div class='ocr_carea' id='block_1_5' title="bbox 0 0 1526 5112">
    <p class='ocr_par' dir='ltr' id='par_1_9' title="bbox 0 0 1526 5112">
     <span class='ocr_line' id='line_1_40' title="bbox 0 0 1526 5112; baseline 0 0"><span class='ocrx_word' id='word_1_339' title='bbox 0 0 1526 5112; x_wconf 95' lang='lat' dir='ltr'><strong> </strong></span> 
     </span>
    </p>
   </div>
  </div>
 </body>
</html>
