3054 5110
746 427 791 494 22

181 621 213 678 st
226 613 382 676 commissis
396 610 502 674 noema
521 625 608 688 snper
631 623 782 672 numerum
804 623 900 670 mena
914 611 1001 672 muris
1024 610 1221 688 multiplicatis
1241 625 1278 674 ec
1298 626 1357 688 quo

181 720 235 782 tibi
248 720 384 796 placitum
399 723 444 778 est
457 719 552 792 modo,
568 733 620 778 nos
635 733 739 778 eruens
753 720 788 775 ut
800 730 866 774 cum
880 716 1011 790 patribus
1025 719 1131 776 nostris
1146 716 1183 778 de
1197 718 1292 793 gloria
1305 722 1359 778 tua

182 825 302 902 gloriari
317 839 464 898 queamus.
502 822 594 898 quue
608 838 706 897 omne,
727 820 929 896 benignissime
943 827 1042 897 pater,
1058 837 1116 896 qno
1132 823 1240 882 numini
1254 827 1305 884 tuo
1321 825 1360 882 sit

182 908 374 1008 sempiternas
395 931 486 990 honos
507 935 537 989 et
558 930 666 1004 gloria,
689 945 726 990 ne
748 926 865 1001 sanguis
883 927 1032 1001 preciosus
1052 924 1105 986 filii
1123 929 1166 986 tni
1185 927 1359 988 sanctissimi

183 1035 292 1098 tuere
306 1051 360 1111 pro
374 1033 458 1094 nobis
473 1031 579 1094 effusus
593 1034 765 1094 inveniatur.
788 1025 905 1094 Jnsaisti
919 1037 958 1104 te,
974 1031 1082 1092 eDsns
1094 1039 1202 1108 sanem,
1217 1033 1357 1108 invocari,

182 1142 347 1218 repromisit
360 1155 474 1214 qnoque
488 1138 619 1200 dommus
633 1139 653 1200 J
654 1154 719 1198 esus
734 1143 764 1198 te
779 1137 861 1198 nobis
876 1135 1023 1212 daturum,
1040 1154 1104 1212 qna
1119 1139 1255 1212 petimus,
1270 1138 1357 1196 mise-

183 1247 337 1310 ricorditer
350 1244 452 1320 largiri
467 1242 602 1319 digneris.
642 1243 697 1316 Qui
710 1249 805 1304 mcum
823 1243 894 1304 vivit
908 1247 938 1303 et
951 1247 1055 1318 regnat
1069 1244 1100 1304 in
1114 1245 1224 1304 umam
1239 1241 1358 1317 spiritus

186 1353 216 1414 S.
231 1351 312 1413 Dens
326 1367 379 1426 per
394 1350 490 1410 omnia
504 1350 600 1409 secula
615 1350 785 1410 seculorum.
808 1348 909 1410 Amen.

271 1435 385 1516 musa
396 1457 512 1531 aare
525 1457 680 1516 summe
694 1455 892 1529 emersurum
905 1472 924 1514 ι
938 1453 1053 1514 nomme
1067 1453 1136 1514 vite
1146 1452 1301 1516 rhetore
1317 1454 1358 1514 nn

184 1563 260 1624 duno
275 1562 384 1637 datum,
399 1563 527 1638 pectines
541 1562 610 1622 item
625 1560 780 1635 eburneos,
797 1564 827 1620 et
840 1559 1024 1620 tuuetmulum
1038 1558 1275 1634 Augustanomm
1290 1575 1357 1620 con·

44 1745 54 1754 “
146 1679 149 1683 ’
183 1670 376 1742 donatorum,
396 1669 427 1727 in
441 1685 499 1742 quo
513 1683 622 1728 summa
636 1672 744 1727 nostra
762 1665 913 1752 religionis
929 1666 960 1727 in
974 1665 1072 1726 decem
1086 1664 1222 1726 articulos
1241 1663 1360 1726 redacta

185 1778 242 1847 est,
259 1773 327 1832 item
342 1773 487 1834 orationes
501 1772 664 1834 Bernhurdi
679 1771 780 1832 Ochini
794 1769 922 1844 eiusdem
937 1771 1083 1846 exemplar
1098 1770 1206 1830 Joanni
1221 1768 1359 1830 Gabcteo

186 1878 325 1940 etNelliu
340 1879 545 1955 porrigendum
559 1879 777 1940 transmisimus.
1155 1910 1157 1916 .

272 1983 401 2044 Aenona
414 1985 502 2044 animi
516 1985 612 2060 gratia
625 1985 703 2044 intra
722 1982 794 2044 duas
813 1985 912 2058 partes
929 1981 1001 2056 Lyci
1019 1979 1099 2044 duvii
1118 1983 1316 2044 montaum
1330 1987 1361 2042 et

186 2090 277 2150 omnis
292 2091 406 2165 genens
420 2090 541 2164 piscium
555 2089 665 2150 vivaria
679 2087 887 2163 conspeximus.
1026 2103 1029 2109 ¹

134 2187 136 2192 '
275 2194 423 2268 Propitius
442 2194 524 2256 nubis
545 2198 622 2268 esto,
648 2192 763 2254 domine
776 2191 887 2267 JESU,
903 2197 933 2254 et
948 2191 987 2254 da
1000 2197 1033 2254 ut
1046 2207 1131 2254 omne
1145 2207 1217 2268 opus
1231 2197 1360 2254 nosmum

186 2300 278 2378 patris
292 2305 408 2374 tuaeque
422 2297 503 2358 laudi
517 2299 632 2360 servim.

273 2404 322 2476 xxj
338 2401 446 2478 Aprilis
461 2388 684 2478 Burginatium
698 2403 834 2464 nuncium
848 2401 964 2476 domum
977 2401 1176 2478 relegavimus.

274 2508 384 2576 Eadem
393 2507 431 2569 ad
440 2507 666 2601 Atrebatensem
672 2509 788 2570 admissi
798 2523 905 2580 sumus,
920 2507 971 2568 ubi
983 2514 1170 2582 posteaquam
1184 2508 1291 2582 presul
1301 2506 1359 2568 sin

186 2614 262 2690 guis
276 2614 408 2675 dextram
422 2612 605 2691 prebuisset,
622 2613 761 2688 Magistm
775 2611 909 2673 litorius
924 2613 966 2674 sio
980 2614 1077 2675 dicere
1091 2614 1191 2686 coepit:
1212 2611 1359 2680 Reverere

187 2721 303 2782 dissime
317 2724 347 2780 et
360 2719 480 2780 illustris
499 2719 613 2778 domine
633 2718 781 2794 princeps,
802 2718 839 2778 D.
855 2719 890 2779 V.
907 2720 987 2792 quod
1000 2719 1063 2780 heri
1082 2719 1258 2780 manamine
1272 2720 1358 2780 cumi-

187 2831 248 2885 tum
262 2830 426 2886 nostrorum
440 2822 609 2885 aWaldeck
623 2821 797 2884 adsuevimus
811 2823 900 2899 novit,
916 2827 1048 2900 petentes
1062 2828 1096 2884 ut
1109 2825 1179 2899 ipsis
1189 2822 1227 2883 D.
1237 2823 1273 2884 V.
1288 2823 1359 2886 ullo·

186 2927 293 3004 quendi
306 2926 427 2990 incultas
441 2928 569 3003 daretur,
587 2933 616 2988 et
630 2927 708 3002 quod
720 2929 804 2990 simul
818 2930 849 2990 in
861 2929 986 2990 medium
999 2931 1211 2992 excusationem
1226 2929 1361 2990 comitum

186 3041 350 3097 nosmerum
365 3040 395 3096 et
408 3033 486 3110 qnod
500 3034 540 3096 ud
553 3034 717 3096 citationem
732 3035 876 3108 attineret,
892 3034 1072 3096 adduximus.
1110 3035 1197 3096 Nunc
1208 3035 1298 3111 igitur
1311 3051 1359 3098 oo-

186 3143 270 3206 mites
287 3142 343 3216 ipsi
362 3144 519 3217 presentes
539 3144 655 3216 petunt,
684 3146 717 3200 ut
735 3140 973 3201 reverendissima
987 3141 1025 3203 D.
1041 3143 1076 3203 V.
1097 3142 1162 3200 illos
1181 3139 1283 3200 audire
1302 3153 1361 3202 non

186 3248 367 3322 dedignetur.
392 3245 465 3306 Sunt
478 3251 575 3306 antem
588 3246 734 3319 petitionis
746 3262 845 3306 eorum
859 3248 921 3308 haec
933 3249 1037 3324 capita.
1061 3248 1160 3308 Primo
1174 3245 1253 3320 quod
1266 3245 1306 3306 ad
1319 3246 1359 3321 id,

185 3349 265 3438 qnod
285 3355 423 3424 mnquam
442 3349 615 3409 rebellantes
638 3351 719 3410 citati
740 3350 796 3409 huc
819 3353 892 3427 sint,
916 3353 1015 3414 dicunt
1037 3369 1068 3414 se
1090 3351 1162 3412 nihil
1182 3349 1283 3412 iecisse
1304 3352 1361 3414 nisi

185 3460 301 3516 muetos
315 3471 334 3515 a
346 3453 541 3529 landtgravie,
562 3457 643 3530 cujus
658 3455 760 3515 vasalli
774 3462 841 3516 snnt
855 3459 886 3516 et
899 3459 961 3532 ejus
976 3458 1079 3520 ditioni
1092 3458 1259 3532 viciniores,
1275 3471 1362 3531 quum

185 3565 220 3620 nt
232 3559 300 3620 hnic
314 3559 469 3635 quidquam
483 3559 627 3636 denegare
642 3562 705 3622 ausi
716 3559 832 3622 luerim.
852 3561 1001 3633 Praeterea
1014 3565 1039 3624 si
1051 3563 1121 3637 quid
1131 3564 1163 3621 in
1176 3561 1231 3622 hac
1244 3577 1277 3621 re
1292 3577 1359 3636 pac·

185 3668 329 3742 caverint,
348 3683 379 3726 se
394 3667 509 3728 nomine
523 3667 716 3742 imperatoriae
730 3669 889 3742 mejestatis
904 3684 941 3728 er
955 3669 1159 3742 capitulatione
1173 3668 1250 3726 inter
1264 3663 1360 3728 Gasa-

186 3785 280 3834 sarem
301 3777 331 3834 et
356 3773 567 3848 landtgravium
588 3773 794 3847 comprehensa
813 3792 832 3836 a
852 3775 967 3836 dominu
986 3773 1153 3835 Reinlrardo
1175 3788 1194 3832 a
1216 3771 1309 3834 anim
1331 3777 1362 3834 et

185 3879 300 3940 Joanne
314 3875 439 3953 Georgia
455 3877 587 3939 Sohaden
600 3895 619 3938 a
633 3878 856 3955 Mitteltiireeh,
872 3896 1004 3962 emerere
1018 3879 1178 3954 majestatis
1196 3879 1360 3938 uummmsa·

185 3985 255 4059 rios,
280 3984 435 4046 absolutos.
471 3983 603 4046 Secundo
631 3986 708 4044 inter
734 3985 979 4062 archiepiscopum
999 3984 1199 4046 coloniensem
1226 3988 1257 4043 et
1282 3983 1362 4059 ipsos

184 4089 322 4150 haomnus
336 4105 450 4150 errores
465 4091 575 4164 elquut
592 4106 656 4150 cnm
671 4091 819 4151 extiterint
833 4091 897 4150 etii
911 4093 1118 4164 pertractatus
1137 4087 1225 4150 ‘modu
1246 4103 1360 4162 mmpo-

185 4197 234 4257 siti
248 4197 319 4271 sint,
344 4197 461 4256 comites
480 4197 536 4257 mei
555 4195 822 4256 reverendissimam
836 4195 872 4255 D.
888 4197 923 4256 V.
940 4194 1045 4257 obnixe
1064 4211 1128 4256 cum
1148 4194 1224 4273 omni
1238 4193 1360 4254 submis-

187 4304 269 4364 sione
286 4308 407 4377 rogant,
430 4308 462 4362 ut
485 4301 586 4362 eadem
600 4301 637 4361 D.
653 4303 688 4362 V.
711 4303 790 4378 apud
805 4315 959 4362 cesaream
980 4301 1160 4375 majestatem
1180 4297 1361 4361 intercedere

188 4423 242 4482 pro
257 4407 327 4482 ipsis
349 4407 498 4483 dignetur,
521 4423 579 4482 qno
593 4422 720 4468 casmea
740 4409 876 4482 maiestas
899 4421 1028 4480 proauo
1050 4405 1201 4466 clementis
1222 4409 1252 4465 et
1269 4404 1360 4471 domi-

188 4528 291 4575 norum
312 4514 570 4576 commissariorum
591 4512 801 4575 absolutionem
821 4516 916 4572 ratam
935 4516 965 4572 et
985 4508 1181 4574 confirmatam
1201 4506 1310 4590 labem
1332 4515 1363 4572 et
