<?xml version="1.0" encoding="UTF-8"?>
<!DOCTYPE html PUBLIC "-//W3C//DTD XHTML 1.0 Transitional//EN"
    "http://www.w3.org/TR/xhtml1/DTD/xhtml1-transitional.dtd">
<html xmlns="http://www.w3.org/1999/xhtml" xml:lang="en" lang="en">
 <head>
  <title>
</title>
<meta http-equiv="Content-Type" content="text/html;charset=utf-8" />
  <meta name='ocr-system' content='tesseract 3.04.00' />
  <meta name='ocr-capabilities' content='ocr_page ocr_carea ocr_par ocr_line ocrx_word'/>
</head>
<body>
  <div class='ocr_page' id='page_1' title='image "./desgrafenwolrad02trosgoog_0053.png"; bbox 0 0 3054 5110; ppageno 0'>
   <div class='ocr_carea' id='block_1_1' title="bbox 815 431 861 500">
    <p class='ocr_par' dir='ltr' id='par_1_1' title="bbox 815 431 861 500">
     <span class='ocr_line' id='line_1_1' title="bbox 815 431 861 500; baseline 0 0"><span class='ocrx_word' id='word_1_1' title='bbox 815 431 861 500; x_wconf 79' lang='lat' dir='ltr'>ta</span> 
     </span>
    </p>
   </div>
   <div class='ocr_carea' id='block_1_2' title="bbox 145 601 1522 4592">
    <p class='ocr_par' dir='ltr' id='par_1_2' title="bbox 251 601 1434 892">
     <span class='ocr_line' id='line_1_2' title="bbox 251 601 1434 695; baseline -0.003 -14"><span class='ocrx_word' id='word_1_2' title='bbox 251 617 429 695; x_wconf 75' lang='lat' dir='ltr'>torumlum</span> <span class='ocrx_word' id='word_1_3' title='bbox 442 617 626 694; x_wconf 78' lang='lat' dir='ltr'>sumpsimus,</span> <span class='ocrx_word' id='word_1_4' title='bbox 656 630 721 678; x_wconf 89' lang='lat' dir='ltr'>cum</span> <span class='ocrx_word' id='word_1_5' title='bbox 747 615 842 674; x_wconf 84' lang='lat' dir='ltr'>misse</span> <span class='ocrx_word' id='word_1_6' title='bbox 861 627 994 676; x_wconf 78' lang='grc' dir='ltr'>ιιιιιιι</span> <span class='ocrx_word' id='word_1_7' title='bbox 1014 601 1160 676; x_wconf 83' lang='lat' dir='ltr'>interesse-</span> <span class='ocrx_word' id='word_1_8' title='bbox 1173 613 1262 678; x_wconf 84' lang='lat' dir='ltr'>redet</span> <span class='ocrx_word' id='word_1_9' title='bbox 1283 619 1314 678; x_wconf 92' lang='lat' dir='ltr'>et</span> <span class='ocrx_word' id='word_1_10' title='bbox 1334 615 1434 677; x_wconf 86' lang='lat' dir='ltr'>&#39;archi-</span> 
     </span>
     <span class='ocr_line' id='line_1_3' title="bbox 254 703 1434 808; baseline -0.001 -23"><span class='ocrx_word' id='word_1_11' title='bbox 254 725 421 802; x_wconf 89' lang='lat' dir='ltr'>episcopum</span> <span class='ocrx_word' id='word_1_12' title='bbox 433 723 634 786; x_wconf 88' lang='lat' dir='ltr'>Coloniensem</span> <span class='ocrx_word' id='word_1_13' title='bbox 647 703 771 797; x_wconf 74' lang='lat' dir='ltr'>praisdis</span> <span class='ocrx_word' id='word_1_14' title='bbox 786 725 958 795; x_wconf 76' lang='lat' dir='ltr'>excepturus</span> <span class='ocrx_word' id='word_1_15' title='bbox 973 724 1058 796; x_wconf 89' lang='lat' dir='ltr'>esset,</span> <span class='ocrx_word' id='word_1_16' title='bbox 1081 736 1146 801; x_wconf 89' lang='lat' dir='ltr'>curn</span> <span class='ocrx_word' id='word_1_17' title='bbox 1161 737 1218 796; x_wconf 85' lang='lat' dir='ltr'>quo</span> <span class='ocrx_word' id='word_1_18' title='bbox 1233 725 1264 782; x_wconf 90' lang='lat' dir='ltr'>et</span> <span class='ocrx_word' id='word_1_19' title='bbox 1278 720 1315 782; x_wconf 91' lang='lat' dir='ltr'>de</span> <span class='ocrx_word' id='word_1_20' title='bbox 1329 727 1434 808; x_wconf 85' lang='lat' dir='ltr'>nostra</span> 
     </span>
     <span class='ocr_line' id='line_1_4' title="bbox 253 833 560 896; baseline -0.01 -4"><span class='ocrx_word' id='word_1_21' title='bbox 253 845 342 892; x_wconf 86' lang='lat' dir='ltr'>causa</span> <span class='ocrx_word' id='word_1_22' title='bbox 355 834 472 891; x_wconf 87' lang='lat' dir='ltr'>acturus</span> <span class='ocrx_word' id='word_1_23' title='bbox 487 833 560 896; x_wconf 90' lang='lat' dir='ltr'>erat,</span> 
     </span>
    </p>

    <p class='ocr_par' dir='ltr' id='par_1_3' title="bbox 256 881 1433 1115">
     <span class='ocr_line' id='line_1_5' title="bbox 341 881 1433 1048; baseline 0 -54"><span class='ocrx_word' id='word_1_24' title='bbox 341 933 506 1010; x_wconf 81' lang='lat' dir='ltr'>Aprandio</span> <span class='ocrx_word' id='word_1_25' title='bbox 529 931 635 998; x_wconf 74' lang='lat' dir='ltr'>orces</span> <span class='ocrx_word' id='word_1_26' title='bbox 657 937 688 994; x_wconf 88' lang='lat' dir='ltr'>et</span> <span class='ocrx_word' id='word_1_27' title='bbox 711 945 775 1007; x_wconf 80' lang='lat' dir='ltr'>ego</span> <span class='ocrx_word' id='word_1_28' title='bbox 784 947 843 994; x_wconf 90' lang='lat' dir='ltr'>una</span> <span class='ocrx_word' id='word_1_29' title='bbox 868 881 948 992; x_wconf 90' lang='lat' dir='ltr'>urbis</span> <span class='ocrx_word' id='word_1_30' title='bbox 967 931 1075 992; x_wconf 90' lang='lat' dir='ltr'>moenia</span> <span class='ocrx_word' id='word_1_31' title='bbox 1094 931 1338 1048; x_wconf 82' lang='lat' dir='ltr'>obequitarimus,</span> <span class='ocrx_word' id='word_1_32' title='bbox 1363 951 1433 996; x_wconf 89' lang='lat' dir='ltr'>nam</span> 
     </span>
     <span class='ocr_line' id='line_1_6' title="bbox 256 1035 1101 1115; baseline -0.008 -13"><span class='ocrx_word' id='word_1_33' title='bbox 256 1040 373 1102; x_wconf 83' lang='lat' dir='ltr'>Samuel</span> <span class='ocrx_word' id='word_1_34' title='bbox 387 1039 467 1115; x_wconf 91' lang='lat' dir='ltr'>apud</span> <span class='ocrx_word' id='word_1_35' title='bbox 480 1040 613 1100; x_wconf 87' lang='lat' dir='ltr'>comitem</span> <span class='ocrx_word' id='word_1_36' title='bbox 627 1035 813 1098; x_wconf 77' lang='lat' dir='ltr'>wilhelmum</span> <span class='ocrx_word' id='word_1_37' title='bbox 826 1052 949 1112; x_wconf 87' lang='lat' dir='ltr'>pransus</span> <span class='ocrx_word' id='word_1_38' title='bbox 964 1041 1016 1096; x_wconf 90' lang='lat' dir='ltr'>est.</span> <span class='ocrx_word' id='word_1_39' title='bbox 1098 1035 1101 1040; x_wconf 84' lang='grc'><em>“</em></span> 
     </span>
    </p>

    <p class='ocr_par' dir='ltr' id='par_1_4' title="bbox 254 1141 1434 1324">
     <span class='ocr_line' id='line_1_7' title="bbox 341 1141 1434 1206; baseline -0.002 0"><span class='ocrx_word' id='word_1_40' title='bbox 341 1145 453 1206; x_wconf 68' lang='lat' dir='ltr'>Eadm</span> <span class='ocrx_word' id='word_1_41' title='bbox 467 1143 613 1205; x_wconf 89' lang='lat' dir='ltr'>turnultus</span> <span class='ocrx_word' id='word_1_42' title='bbox 619 1141 751 1202; x_wconf 85' lang='lat' dir='ltr'>militaris</span> <span class='ocrx_word' id='word_1_43' title='bbox 762 1141 804 1202; x_wconf 90' lang='lat' dir='ltr'>ud</span> <span class='ocrx_word' id='word_1_44' title='bbox 818 1141 939 1202; x_wconf 83' lang='lat' dir='ltr'>macella</span> <span class='ocrx_word' id='word_1_45' title='bbox 954 1147 1072 1202; x_wconf 85' lang='lat' dir='ltr'>exortus</span> <span class='ocrx_word' id='word_1_46' title='bbox 1088 1147 1141 1204; x_wconf 89' lang='lat' dir='ltr'>est.</span> <span class='ocrx_word' id='word_1_47' title='bbox 1179 1141 1255 1204; x_wconf 86' lang='lat' dir='ltr'>Nam</span> <span class='ocrx_word' id='word_1_48' title='bbox 1269 1141 1338 1204; x_wconf 91' lang='lat' dir='ltr'>dum</span> <span class='ocrx_word' id='word_1_49' title='bbox 1352 1143 1434 1206; x_wconf 85' lang='lat' dir='ltr'>Iberi</span> 
     </span>
     <span class='ocr_line' id='line_1_8' title="bbox 254 1246 1432 1324; baseline -0.003 -11"><span class='ocrx_word' id='word_1_50' title='bbox 254 1249 405 1313; x_wconf 79' lang='lat' dir='ltr'>Germanis</span> <span class='ocrx_word' id='word_1_51' title='bbox 413 1265 516 1311; x_wconf 87' lang='lat' dir='ltr'>earnes</span> <span class='ocrx_word' id='word_1_52' title='bbox 523 1250 679 1324; x_wconf 76' lang='lat' dir='ltr'>praeripere</span> <span class='ocrx_word' id='word_1_53' title='bbox 687 1251 810 1322; x_wconf 82' lang='lat' dir='ltr'>tentam,</span> <span class='ocrx_word' id='word_1_54' title='bbox 819 1247 948 1308; x_wconf 82' lang='grc' dir='ltr'>Ιιιιοιιι</span> <span class='ocrx_word' id='word_1_55' title='bbox 955 1246 1106 1308; x_wconf 80' lang='lat' dir='ltr'>Germanus</span> <span class='ocrx_word' id='word_1_56' title='bbox 1115 1248 1222 1310; x_wconf 82' lang='lat' dir='ltr'>aumho</span> <span class='ocrx_word' id='word_1_57' title='bbox 1229 1247 1314 1310; x_wconf 86' lang='lat' dir='ltr'>fiunt</span> <span class='ocrx_word' id='word_1_58' title='bbox 1328 1249 1432 1312; x_wconf 89' lang='lat' dir='ltr'>Utrin-</span> 
     </span>
    </p>

    <p class='ocr_par' dir='ltr' id='par_1_5' title="bbox 240 1334 1432 1536">
     <span class='ocr_line' id='line_1_9' title="bbox 240 1334 1432 1432; baseline 0.01 -28"><span class='ocrx_word' id='word_1_59' title='bbox 240 1372 311 1432; x_wconf 87' lang='lat' dir='ltr'>.quu</span> <span class='ocrx_word' id='word_1_60' title='bbox 330 1361 361 1417; x_wconf 89' lang='lat' dir='ltr'>et</span> <span class='ocrx_word' id='word_1_61' title='bbox 380 1347 499 1429; x_wconf 82' lang='lat' dir='ltr'>accepta</span> <span class='ocrx_word' id='word_1_62' title='bbox 518 1361 549 1414; x_wconf 91' lang='lat' dir='ltr'>et</span> <span class='ocrx_word' id='word_1_63' title='bbox 562 1353 639 1413; x_wconf 86' lang='lat' dir='ltr'>data</span> <span class='ocrx_word' id='word_1_64' title='bbox 659 1355 726 1412; x_wconf 90' lang='lat' dir='ltr'>sunt</span> <span class='ocrx_word' id='word_1_65' title='bbox 740 1352 875 1427; x_wconf 86' lang='lat' dir='ltr'>vulnera,</span> <span class='ocrx_word' id='word_1_66' title='bbox 892 1334 1028 1413; x_wconf 77' lang='lat' dir='ltr'>Germani</span> <span class='ocrx_word' id='word_1_67' title='bbox 1047 1359 1145 1414; x_wconf 86' lang='lat' dir='ltr'>tamen</span> <span class='ocrx_word' id='word_1_68' title='bbox 1162 1351 1233 1416; x_wconf 83' lang='lat' dir='ltr'>iacti</span> <span class='ocrx_word' id='word_1_69' title='bbox 1254 1355 1432 1429; x_wconf 84' lang='lat' dir='ltr'>superiores.</span> 
     </span>
     <span class='ocr_line' id='line_1_10' title="bbox 253 1433 1102 1536; baseline -0.009 -12"><span class='ocrx_word' id='word_1_70' title='bbox 253 1463 331 1524; x_wconf 88' lang='lat' dir='ltr'>Iberi</span> <span class='ocrx_word' id='word_1_71' title='bbox 345 1462 457 1536; x_wconf 83' lang='lat' dir='ltr'>ahquot</span> <span class='ocrx_word' id='word_1_72' title='bbox 471 1459 511 1521; x_wconf 92' lang='lat' dir='ltr'>ad</span> <span class='ocrx_word' id='word_1_73' title='bbox 519 1462 738 1532; x_wconf 72' lang='lat' dir='ltr'>monemusque</span> <span class='ocrx_word' id='word_1_74' title='bbox 747 1457 867 1518; x_wconf 88' lang='lat' dir='ltr'>sauciati</span> <span class='ocrx_word' id='word_1_75' title='bbox 881 1473 944 1518; x_wconf 92' lang='lat' dir='ltr'>esse</span> <span class='ocrx_word' id='word_1_76' title='bbox 958 1433 1102 1518; x_wconf 69' lang='lat' dir='ltr'>dicunt‘ur.</span> 
     </span>
    </p>

    <p class='ocr_par' dir='ltr' id='par_1_6' title="bbox 253 1560 1433 1749">
     <span class='ocr_line' id='line_1_11' title="bbox 257 1560 1433 1644; baseline -0.001 -19"><span class='ocrx_word' id='word_1_77' title='bbox 257 1639 259 1644; x_wconf 23' lang='grc' dir='ltr'>Ι</span> <span class='ocrx_word' id='word_1_78' title='bbox 341 1565 453 1628; x_wconf 86' lang='lat' dir='ltr'>Eadem</span> <span class='ocrx_word' id='word_1_79' title='bbox 467 1577 519 1640; x_wconf 86' lang='lat' dir='ltr'>per</span> <span class='ocrx_word' id='word_1_80' title='bbox 534 1563 685 1628; x_wconf 86' lang='lat' dir='ltr'>Nicolaum</span> <span class='ocrx_word' id='word_1_81' title='bbox 702 1560 815 1624; x_wconf 83' lang='lat' dir='ltr'>Gallum</span> <span class='ocrx_word' id='word_1_82' title='bbox 830 1561 1053 1624; x_wconf 86' lang='lat' dir='ltr'>Monasterionsi</span> <span class='ocrx_word' id='word_1_83' title='bbox 1072 1579 1091 1638; x_wconf 82' lang='lat' dir='ltr'>a</span> <span class='ocrx_word' id='word_1_84' title='bbox 1104 1562 1226 1638; x_wconf 90' lang='lat' dir='ltr'>pedibus</span> <span class='ocrx_word' id='word_1_85' title='bbox 1247 1563 1287 1625; x_wconf 85' lang='lat' dir='ltr'>ad</span> <span class='ocrx_word' id='word_1_86' title='bbox 1307 1564 1433 1626; x_wconf 89' lang='lat' dir='ltr'>cundem</span> 
     </span>
     <span class='ocr_line' id='line_1_12' title="bbox 253 1669 931 1749; baseline -0.007 -16"><span class='ocrx_word' id='word_1_87' title='bbox 253 1671 408 1749; x_wconf 81' lang='lat' dir='ltr'>praesulem</span> <span class='ocrx_word' id='word_1_88' title='bbox 421 1669 648 1746; x_wconf 80' lang='lat' dir='ltr'>perscripsimus.</span> <span class='ocrx_word' id='word_1_89' title='bbox 926 1699 931 1705; x_wconf 84' lang='lat'><em>-</em></span> 
     </span>
    </p>

    <p class='ocr_par' dir='ltr' id='par_1_7' title="bbox 255 1771 1433 1947">
     <span class='ocr_line' id='line_1_13' title="bbox 340 1771 1433 1896; baseline -0.002 -58"><span class='ocrx_word' id='word_1_90' title='bbox 340 1775 465 1838; x_wconf 82' lang='lat' dir='ltr'>Volebat</span> <span class='ocrx_word' id='word_1_91' title='bbox 488 1779 518 1837; x_wconf 89' lang='lat' dir='ltr'>et</span> <span class='ocrx_word' id='word_1_92' title='bbox 538 1775 673 1836; x_wconf 83' lang='lat' dir='ltr'>Holensis</span> <span class='ocrx_word' id='word_1_93' title='bbox 694 1773 866 1834; x_wconf 77' lang='lat' dir='ltr'>secretarius</span> <span class='ocrx_word' id='word_1_94' title='bbox 889 1771 990 1834; x_wconf 88' lang='lat' dir='ltr'>eadem</span> <span class='ocrx_word' id='word_1_95' title='bbox 1004 1771 1135 1849; x_wconf 79' lang='lat' dir='ltr'>Augusto</span> <span class='ocrx_word' id='word_1_96' title='bbox 1150 1772 1309 1850; x_wconf 77' lang='lat' dir='ltr'>discedere,</span> <span class='ocrx_word' id='word_1_97' title='bbox 1326 1773 1379 1896; x_wconf 85' lang='lat' dir='ltr'>sed</span> <span class='ocrx_word' id='word_1_98' title='bbox 1393 1775 1433 1866; x_wconf 83' lang='lat' dir='ltr'>ob</span> 
     </span>
     <span class='ocr_line' id='line_1_14' title="bbox 255 1879 1125 1947; baseline -0.007 -2"><span class='ocrx_word' id='word_1_99' title='bbox 255 1883 451 1945; x_wconf 83' lang='lat' dir='ltr'>morositatem</span> <span class='ocrx_word' id='word_1_100' title='bbox 466 1880 669 1943; x_wconf 82' lang='lat' dir='ltr'>examinatoris</span> <span class='ocrx_word' id='word_1_101' title='bbox 684 1879 800 1939; x_wconf 89' lang='lat' dir='ltr'>testium</span> <span class='ocrx_word' id='word_1_102' title='bbox 814 1883 976 1939; x_wconf 87' lang='lat' dir='ltr'>remoratus</span> <span class='ocrx_word' id='word_1_103' title='bbox 991 1884 1044 1940; x_wconf 89' lang='lat' dir='ltr'>est</span> <span class='ocrx_word' id='word_1_104' title='bbox 1123 1941 1125 1947; x_wconf 14' lang='grc' dir='ltr'><strong>Α</strong></span> 
     </span>
    </p>

    <p class='ocr_par' dir='ltr' id='par_1_8' title="bbox 253 1981 1434 2694">
     <span class='ocr_line' id='line_1_15' title="bbox 274 1981 1434 2061; baseline -0.001 -13"><span class='ocrx_word' id='word_1_105' title='bbox 274 2051 277 2059; x_wconf 65' lang='grc'>,</span> <span class='ocrx_word' id='word_1_106' title='bbox 342 1987 390 2048; x_wconf 85' lang='lat' dir='ltr'>Ad</span> <span class='ocrx_word' id='word_1_107' title='bbox 410 1987 540 2061; x_wconf 90' lang='lat' dir='ltr'>quintam</span> <span class='ocrx_word' id='word_1_108' title='bbox 560 1988 591 2046; x_wconf 94' lang='lat' dir='ltr'>in</span> <span class='ocrx_word' id='word_1_109' title='bbox 613 1984 739 2059; x_wconf 90' lang='lat' dir='ltr'>bospitio</span> <span class='ocrx_word' id='word_1_110' title='bbox 762 1984 850 2045; x_wconf 87' lang='lat' dir='ltr'>comit</span> <span class='ocrx_word' id='word_1_111' title='bbox 849 1984 874 2043; x_wconf 89' lang='lat' dir='ltr'>is</span> <span class='ocrx_word' id='word_1_112' title='bbox 836 1982 1040 2045; x_wconf 78' lang='lat' dir='ltr'>terhalmi</span> <span class='ocrx_word' id='word_1_113' title='bbox 1062 1981 1215 2061; x_wconf 87' lang='lat' dir='ltr'>adfuimus,</span> <span class='ocrx_word' id='word_1_114' title='bbox 1237 1985 1287 2046; x_wconf 93' lang='lat' dir='ltr'>ubi</span> <span class='ocrx_word' id='word_1_115' title='bbox 1306 1985 1409 2048; x_wconf 91' lang='lat' dir='ltr'>dum&#39;</span> <span class='ocrx_word' id='word_1_116' title='bbox 1400 2004 1434 2047; x_wconf 88' lang='grc' dir='ltr'>ιι</span> 
     </span>
     <span class='ocr_line' id='line_1_16' title="bbox 253 2088 1432 2178; baseline -0.002 -22"><span class='ocrx_word' id='word_1_117' title='bbox 253 2094 339 2156; x_wconf 85' lang='lat' dir='ltr'>horto</span> <span class='ocrx_word' id='word_1_118' title='bbox 360 2108 459 2153; x_wconf 90' lang='lat' dir='ltr'>mensa</span> <span class='ocrx_word' id='word_1_119' title='bbox 480 2091 626 2152; x_wconf 49' lang='lat' dir='ltr'>sternitur,</span> <span class='ocrx_word' id='word_1_120' title='bbox 638 2093 747 2164; x_wconf 85' lang='lat' dir='ltr'>praetor</span> <span class='ocrx_word' id='word_1_121' title='bbox 766 2088 993 2167; x_wconf 82' lang='lat' dir='ltr'>expectationem</span> <span class='ocrx_word' id='word_1_122' title='bbox 1013 2090 1124 2150; x_wconf 89' lang='lat' dir='ltr'>comitis</span> <span class='ocrx_word' id='word_1_123' title='bbox 1146 2105 1252 2178; x_wconf 84' lang='lat' dir='ltr'>uenere</span> <span class='ocrx_word' id='word_1_124' title='bbox 1274 2107 1370 2155; x_wconf 86' lang='lat' dir='ltr'>comes</span> <span class='ocrx_word' id='word_1_125' title='bbox 1393 2093 1432 2154; x_wconf 84' lang='lat' dir='ltr'>ab</span> 
     </span>
     <span class='ocr_line' id='line_1_17' title="bbox 253 2191 1434 2268; baseline -0.003 -6"><span class='ocrx_word' id='word_1_126' title='bbox 253 2199 409 2262; x_wconf 85' lang='lat' dir='ltr'>Eberstein</span> <span class='ocrx_word' id='word_1_127' title='bbox 423 2195 515 2257; x_wconf 86' lang='lat' dir='ltr'>frater</span> <span class='ocrx_word' id='word_1_128' title='bbox 537 2194 639 2256; x_wconf 87' lang='lat' dir='ltr'>Luscae</span> <span class='ocrx_word' id='word_1_129' title='bbox 655 2200 685 2256; x_wconf 91' lang='lat' dir='ltr'>at</span> <span class='ocrx_word' id='word_1_130' title='bbox 702 2191 779 2260; x_wconf 85' lang='lat' dir='ltr'>filius</span> <span class='ocrx_word' id='word_1_131' title='bbox 794 2195 856 2268; x_wconf 88' lang='lat' dir='ltr'>ejus</span> <span class='ocrx_word' id='word_1_132' title='bbox 876 2209 970 2254; x_wconf 89' lang='lat' dir='ltr'>comes</span> <span class='ocrx_word' id='word_1_133' title='bbox 985 2211 1004 2254; x_wconf 90' lang='grc' dir='ltr'>ι</span> <span class='ocrx_word' id='word_1_134' title='bbox 1018 2194 1176 2256; x_wconf 86' lang='lat' dir='ltr'>Wartheim</span> <span class='ocrx_word' id='word_1_135' title='bbox 1190 2197 1297 2258; x_wconf 87' lang='lat' dir='ltr'>-nuicus</span> <span class='ocrx_word' id='word_1_136' title='bbox 1310 2195 1388 2261; x_wconf 85' lang='lat' dir='ltr'>filius</span> <span class='ocrx_word' id='word_1_137' title='bbox 1402 2203 1434 2258; x_wconf 97' lang='grc' dir='ltr'>ιι</span> 
     </span>
     <span class='ocr_line' id='line_1_18' title="bbox 254 2294 1430 2375; baseline -0.003 -9"><span class='ocrx_word' id='word_1_138' title='bbox 254 2303 411 2366; x_wconf 82' lang='lat' dir='ltr'>aruncmus</span> <span class='ocrx_word' id='word_1_139' title='bbox 436 2306 545 2364; x_wconf 85' lang='lat' dir='ltr'>noster.</span> <span class='ocrx_word' id='word_1_140' title='bbox 565 2294 655 2360; x_wconf 82' lang='lat' dir='ltr'>&#39;Item</span> <span class='ocrx_word' id='word_1_141' title='bbox 672 2300 772 2373; x_wconf 83' lang='lat' dir='ltr'>junior</span> <span class='ocrx_word' id='word_1_142' title='bbox 795 2298 831 2360; x_wconf 87' lang='lat' dir='ltr'>de</span> <span class='ocrx_word' id='word_1_143' title='bbox 846 2298 1036 2375; x_wconf 90' lang='lat' dir='ltr'>Papenheim,</span> <span class='ocrx_word' id='word_1_144' title='bbox 1057 2299 1227 2374; x_wconf 74' lang='grc' dir='ltr'>Ὲιιιιιιιιι</span> <span class='ocrx_word' id='word_1_145' title='bbox 1243 2300 1396 2363; x_wconf 83' lang='lat' dir='ltr'>Corradus</span> <span class='ocrx_word' id='word_1_146' title='bbox 1410 2320 1430 2363; x_wconf 91' lang='lat' dir='ltr'>a</span> 
     </span>
     <span class='ocr_line' id='line_1_19' title="bbox 257 2403 1427 2484; baseline -0.001 -15"><span class='ocrx_word' id='word_1_147' title='bbox 257 2407 427 2482; x_wconf 78' lang='lat' dir='ltr'>Siclringen,</span> <span class='ocrx_word' id='word_1_148' title='bbox 450 2405 592 2482; x_wconf 78' lang='lat' dir='ltr'>Georgius</span> <span class='ocrx_word' id='word_1_149' title='bbox 608 2403 698 2479; x_wconf 84' lang='lat' dir='ltr'>Spedt</span> <span class='ocrx_word' id='word_1_150' title='bbox 712 2409 742 2465; x_wconf 87' lang='lat' dir='ltr'>et</span> <span class='ocrx_word' id='word_1_151' title='bbox 755 2404 830 2464; x_wconf 86' lang='lat' dir='ltr'>aiter</span> <span class='ocrx_word' id='word_1_152' title='bbox 845 2403 947 2479; x_wconf 85' lang='lat' dir='ltr'>Spedt,</span> <span class='ocrx_word' id='word_1_153' title='bbox 967 2405 1037 2466; x_wconf 89' lang='lat' dir='ltr'>item</span> <span class='ocrx_word' id='word_1_154' title='bbox 1058 2405 1189 2468; x_wconf 82' lang='lat' dir='ltr'>dominus</span> <span class='ocrx_word' id='word_1_155' title='bbox 1209 2407 1246 2468; x_wconf 90' lang='lat' dir='ltr'>de</span> <span class='ocrx_word' id='word_1_156' title='bbox 1264 2407 1427 2484; x_wconf 76' lang='lat' dir='ltr'>Zeltingen,</span> 
     </span>
     <span class='ocr_line' id='line_1_20' title="bbox 254 2509 1428 2587; baseline 0.002 -14"><span class='ocrx_word' id='word_1_157' title='bbox 254 2512 389 2574; x_wconf 85' lang='lat' dir='ltr'>Austrius</span> <span class='ocrx_word' id='word_1_158' title='bbox 404 2516 434 2572; x_wconf 92' lang='lat' dir='ltr'>et</span> <span class='ocrx_word' id='word_1_159' title='bbox 448 2511 557 2572; x_wconf 76' lang='lat' dir='ltr'>audeus</span> <span class='ocrx_word' id='word_1_160' title='bbox 572 2511 762 2584; x_wconf 83' lang='lat' dir='ltr'>imperatoris,</span> <span class='ocrx_word' id='word_1_161' title='bbox 780 2509 900 2569; x_wconf 78' lang='lat' dir='ltr'>Carolus</span> <span class='ocrx_word' id='word_1_162' title='bbox 915 2509 1100 2586; x_wconf 80' lang='lat' dir='ltr'>aStoulrem,</span> <span class='ocrx_word' id='word_1_163' title='bbox 1121 2510 1275 2587; x_wconf 78' lang='lat' dir='ltr'>preferens</span> <span class='ocrx_word' id='word_1_164' title='bbox 1289 2513 1319 2574; x_wconf 92' lang='lat' dir='ltr'>in</span> <span class='ocrx_word' id='word_1_165' title='bbox 1335 2512 1428 2575; x_wconf 87' lang='lat' dir='ltr'>Weil·</span> 
     </span>
     <span class='ocr_line' id='line_1_21' title="bbox 254 2614 1017 2694; baseline -0.005 -15"><span class='ocrx_word' id='word_1_166' title='bbox 254 2619 338 2694; x_wconf 75' lang='lat' dir='ltr'>bnrg,</span> <span class='ocrx_word' id='word_1_167' title='bbox 355 2621 385 2678; x_wconf 90' lang='lat' dir='ltr'>et</span> <span class='ocrx_word' id='word_1_168' title='bbox 397 2617 481 2677; x_wconf 86' lang='lat' dir='ltr'>Vitus</span> <span class='ocrx_word' id='word_1_169' title='bbox 495 2615 668 2690; x_wconf 77' lang='lat' dir='ltr'>velorugge,</span> <span class='ocrx_word' id='word_1_170' title='bbox 684 2619 816 2688; x_wconf 84' lang='lat' dir='ltr'>satrapas</span> <span class='ocrx_word' id='word_1_171' title='bbox 830 2615 861 2674; x_wconf 92' lang='lat' dir='ltr'>in</span> <span class='ocrx_word' id='word_1_172' title='bbox 876 2614 1017 2675; x_wconf 84' lang='lat' dir='ltr'>Vianden.</span> 
     </span>
    </p>

    <p class='ocr_par' dir='ltr' id='par_1_9' title="bbox 253 2705 1522 3220">
     <span class='ocr_line' id='line_1_22' title="bbox 343 2705 1427 2797; baseline 0.003 -17"><span class='ocrx_word' id='word_1_173' title='bbox 343 2721 415 2781; x_wconf 87' lang='lat' dir='ltr'>Risu</span> <span class='ocrx_word' id='word_1_174' title='bbox 428 2719 558 2796; x_wconf 75' lang='lat' dir='ltr'>dignm,</span> <span class='ocrx_word' id='word_1_175' title='bbox 584 2717 661 2794; x_wconf 88' lang='lat' dir='ltr'>quod</span> <span class='ocrx_word' id='word_1_176' title='bbox 681 2719 748 2780; x_wconf 92' lang='lat' dir='ltr'>dum</span> <span class='ocrx_word' id='word_1_177' title='bbox 767 2718 866 2780; x_wconf 87' lang='lat' dir='ltr'>Caesar</span> <span class='ocrx_word' id='word_1_178' title='bbox 883 2735 937 2794; x_wconf 89' lang='lat' dir='ltr'>par</span> <span class='ocrx_word' id='word_1_179' title='bbox 951 2705 1084 2782; x_wconf 86' lang='lat' dir='ltr'>Rhenum</span> <span class='ocrx_word' id='word_1_180' title='bbox 1103 2721 1217 2797; x_wconf 80' lang='lat' dir='ltr'>navigio</span> <span class='ocrx_word' id='word_1_181' title='bbox 1232 2727 1330 2784; x_wconf 85' lang='lat' dir='ltr'>rectus</span> <span class='ocrx_word' id='word_1_182' title='bbox 1344 2722 1427 2783; x_wconf 86' lang='lat' dir='ltr'>Nan·</span> 
     </span>
     <span class='ocr_line' id='line_1_23' title="bbox 254 2803 1428 2902; baseline 0.002 -16"><span class='ocrx_word' id='word_1_183' title='bbox 254 2803 379 2888; x_wconf 67' lang='lat' dir='ltr'>stadum</span> <span class='ocrx_word' id='word_1_184' title='bbox 392 2826 568 2901; x_wconf 71' lang='lat' dir='ltr'>praeterierit</span> <span class='ocrx_word' id='word_1_185' title='bbox 582 2828 613 2884; x_wconf 92' lang='lat' dir='ltr'>et</span> <span class='ocrx_word' id='word_1_186' title='bbox 627 2823 777 2886; x_wconf 80' lang='lat' dir='ltr'>Corradus</span> <span class='ocrx_word' id='word_1_187' title='bbox 797 2825 969 2902; x_wconf 71' lang='grc' dir='ltr'>Ὲιιιιίιιιι</span> <span class='ocrx_word' id='word_1_188' title='bbox 988 2825 1177 2902; x_wconf 78' lang='lat' dir='ltr'>aSichingen</span> <span class='ocrx_word' id='word_1_189' title='bbox 1196 2827 1290 2901; x_wconf 90' lang='lat' dir='ltr'>ipsum</span> <span class='ocrx_word' id='word_1_190' title='bbox 1303 2827 1428 2901; x_wconf 86' lang='lat' dir='ltr'>prandio</span> 
     </span>
     <span class='ocr_line' id='line_1_24' title="bbox 255 2929 1522 3008; baseline 0.001 -15"><span class='ocrx_word' id='word_1_191' title='bbox 255 2933 387 3008; x_wconf 87' lang='lat' dir='ltr'>excipere</span> <span class='ocrx_word' id='word_1_192' title='bbox 402 2932 497 3007; x_wconf 78' lang='lat' dir='ltr'>vehet,</span> <span class='ocrx_word' id='word_1_193' title='bbox 513 2937 543 2991; x_wconf 87' lang='lat' dir='ltr'>at</span> <span class='ocrx_word' id='word_1_194' title='bbox 556 2931 712 2990; x_wconf 90' lang='lat' dir='ltr'>matutinas</span> <span class='ocrx_word' id='word_1_195' title='bbox 731 2929 819 2991; x_wconf 90' lang='lat' dir='ltr'>boras</span> <span class='ocrx_word' id='word_1_196' title='bbox 838 2945 900 2990; x_wconf 91' lang='lat' dir='ltr'>oum</span> <span class='ocrx_word' id='word_1_197' title='bbox 915 2931 1015 2994; x_wconf 87' lang='lat' dir='ltr'>aulicis</span> <span class='ocrx_word' id='word_1_198' title='bbox 1034 2932 1153 3008; x_wconf 85' lang='lat' dir='ltr'>ahquct,</span> <span class='ocrx_word' id='word_1_199' title='bbox 1174 2934 1224 3006; x_wconf 76' lang='lat' dir='ltr'>bui</span> <span class='ocrx_word' id='word_1_200' title='bbox 1246 2938 1314 2994; x_wconf 84' lang='lat' dir='ltr'>ante</span> <span class='ocrx_word' id='word_1_201' title='bbox 1329 2932 1427 2994; x_wconf 83' lang='lat' dir='ltr'>Caesa·</span> <span class='ocrx_word' id='word_1_202' title='bbox 1521 2939 1522 2950; x_wconf 59' lang='lat'>¹</span> 
     </span>
     <span class='ocr_line' id='line_1_25' title="bbox 253 3035 1426 3116; baseline 0 -16"><span class='ocrx_word' id='word_1_203' title='bbox 253 3053 315 3100; x_wconf 90' lang='lat' dir='ltr'>rem</span> <span class='ocrx_word' id='word_1_204' title='bbox 337 3053 372 3099; x_wconf 93' lang='lat' dir='ltr'>eu</span> <span class='ocrx_word' id='word_1_205' title='bbox 391 3037 617 3116; x_wconf 78' lang='lat' dir='ltr'>adnavigarent,</span> <span class='ocrx_word' id='word_1_206' title='bbox 635 3035 799 3116; x_wconf 33' lang='lat' dir='ltr'>,hierulus</span> <span class='ocrx_word' id='word_1_207' title='bbox 822 3040 951 3109; x_wconf 87' lang='lat' dir='ltr'>potasset</span> <span class='ocrx_word' id='word_1_208' title='bbox 970 3051 1006 3096; x_wconf 87' lang='lat' dir='ltr'>uc</span> <span class='ocrx_word' id='word_1_209' title='bbox 1025 3037 1120 3098; x_wconf 90' lang='lat' dir='ltr'>subito</span> <span class='ocrx_word' id='word_1_210' title='bbox 1143 3036 1267 3098; x_wconf 87' lang='lat' dir='ltr'>Caesaris</span> <span class='ocrx_word' id='word_1_211' title='bbox 1282 3038 1426 3100; x_wconf 89' lang='lat' dir='ltr'>adventus</span> 
     </span>
     <span class='ocr_line' id='line_1_26' title="bbox 253 3138 1427 3220; baseline -0.002 -14"><span class='ocrx_word' id='word_1_212' title='bbox 253 3144 296 3206; x_wconf 89' lang='lat' dir='ltr'>illi</span> <span class='ocrx_word' id='word_1_213' title='bbox 310 3145 504 3218; x_wconf 84' lang='lat' dir='ltr'>nuntiaretur,</span> <span class='ocrx_word' id='word_1_214' title='bbox 519 3157 571 3201; x_wconf 91' lang='grc' dir='ltr'>ιιι</span> <span class='ocrx_word' id='word_1_215' title='bbox 586 3157 644 3200; x_wconf 88' lang='grc' dir='ltr'>ιιι</span> <span class='ocrx_word' id='word_1_216' title='bbox 659 3138 801 3200; x_wconf 86' lang='lat' dir='ltr'>Caesarem</span> <span class='ocrx_word' id='word_1_217' title='bbox 815 3146 895 3202; x_wconf 85' lang='lat' dir='ltr'>recta</span> <span class='ocrx_word' id='word_1_218' title='bbox 901 3141 1092 3204; x_wconf 85' lang='lat' dir='ltr'>Naustadium</span> <span class='ocrx_word' id='word_1_219' title='bbox 1106 3145 1427 3220; x_wconf 76' lang='lat' dir='ltr'>praeternauigeturum.</span> 
     </span>
    </p>

    <p class='ocr_par' dir='ltr' id='par_1_10' title="bbox 145 3237 1521 4592">
     <span class='ocr_line' id='line_1_27' title="bbox 253 3237 1428 3324; baseline 0.002 -16"><span class='ocrx_word' id='word_1_220' title='bbox 253 3249 318 3310; x_wconf 88' lang='lat' dir='ltr'>Hoc</span> <span class='ocrx_word' id='word_1_221' title='bbox 336 3251 441 3310; x_wconf 91' lang='lat' dir='ltr'>nuncio</span> <span class='ocrx_word' id='word_1_222' title='bbox 457 3245 628 3308; x_wconf 91' lang='lat' dir='ltr'>Cbunradns</span> <span class='ocrx_word' id='word_1_223' title='bbox 642 3237 812 3306; x_wconf 69' lang='lat' dir='ltr'>irmeneus</span> <span class='ocrx_word' id='word_1_224' title='bbox 827 3252 945 3322; x_wconf 88' lang='lat' dir='ltr'>accepto</span> <span class='ocrx_word' id='word_1_225' title='bbox 966 3244 1088 3314; x_wconf 76' lang='lat' dir='ltr'>festinus</span> <span class='ocrx_word' id='word_1_226' title='bbox 1110 3248 1148 3310; x_wconf 91' lang='lat' dir='ltr'>ad</span> <span class='ocrx_word' id='word_1_227' title='bbox 1166 3250 1282 3324; x_wconf 60' lang='lat' dir='ltr'>narius</span> <span class='ocrx_word' id='word_1_228' title='bbox 1303 3247 1428 3310; x_wconf 80' lang='lat' dir='ltr'>Caesaris</span> 
     </span>
     <span class='ocr_line' id='line_1_28' title="bbox 188 3333 1521 3450; baseline 0 -36"><span class='ocrx_word' id='word_1_229' title='bbox 188 3415 192 3422; x_wconf 25' lang='lat' dir='ltr'><strong><em>s</em></strong></span> <span class='ocrx_word' id='word_1_230' title='bbox 253 3359 400 3430; x_wconf 86' lang='lat' dir='ltr'>properat,</span> <span class='ocrx_word' id='word_1_231' title='bbox 422 3341 508 3426; x_wconf 84' lang='lat' dir='ltr'>quam</span> <span class='ocrx_word' id='word_1_232' title='bbox 527 3350 684 3413; x_wconf 87' lang='lat' dir='ltr'>humillime</span> <span class='ocrx_word' id='word_1_233' title='bbox 708 3333 804 3425; x_wconf 85' lang='lat' dir='ltr'>potest</span> <span class='ocrx_word' id='word_1_234' title='bbox 819 3349 980 3412; x_wconf 86' lang='lat' dir='ltr'>Caesaream</span> <span class='ocrx_word' id='word_1_235' title='bbox 994 3355 1174 3428; x_wconf 87' lang='lat' dir='ltr'>majestatem</span> <span class='ocrx_word' id='word_1_236' title='bbox 1188 3370 1225 3414; x_wconf 93' lang='lat' dir='ltr'>ne</span> <span class='ocrx_word' id='word_1_237' title='bbox 1240 3352 1318 3428; x_wconf 83' lang='lat' dir='ltr'>apud</span> <span class='ocrx_word' id='word_1_238' title='bbox 1331 3354 1429 3428; x_wconf 92' lang='lat' dir='ltr'>ipsum</span> <span class='ocrx_word' id='word_1_239' title='bbox 1520 3413 1521 3450; x_wconf 28' lang='grc' dir='ltr'>ἢ</span> 
     </span>
     <span class='ocr_line' id='line_1_29' title="bbox 253 3454 1428 3539; baseline 0 -20"><span class='ocrx_word' id='word_1_240' title='bbox 253 3457 397 3534; x_wconf 87' lang='lat' dir='ltr'>prandere</span> <span class='ocrx_word' id='word_1_241' title='bbox 412 3461 627 3532; x_wconf 86' lang='lat' dir='ltr'>aspernaretur,</span> <span class='ocrx_word' id='word_1_242' title='bbox 645 3454 813 3530; x_wconf 86' lang='lat' dir='ltr'>deprecatus</span> <span class='ocrx_word' id='word_1_243' title='bbox 829 3461 881 3516; x_wconf 90' lang='lat' dir='ltr'>est.</span> <span class='ocrx_word' id='word_1_244' title='bbox 920 3457 959 3518; x_wconf 83' lang='lat' dir='ltr'>At</span> <span class='ocrx_word' id='word_1_245' title='bbox 975 3457 1081 3534; x_wconf 83' lang='lat' dir='ltr'>Caesar,</span> <span class='ocrx_word' id='word_1_246' title='bbox 1104 3459 1285 3539; x_wconf 76' lang='lat' dir='ltr'>grauioribus</span> <span class='ocrx_word' id='word_1_247' title='bbox 1305 3474 1428 3534; x_wconf 89' lang='lat' dir='ltr'>occupa-</span> 
     </span>
     <span class='ocr_line' id='line_1_30' title="bbox 252 3542 1426 3639; baseline 0.001 -13"><span class='ocrx_word' id='word_1_248' title='bbox 252 3542 309 3638; x_wconf 81' lang='lat' dir='ltr'>tus,</span> <span class='ocrx_word' id='word_1_249' title='bbox 324 3563 355 3625; x_wconf 93' lang='lat' dir='ltr'>id</span> <span class='ocrx_word' id='word_1_250' title='bbox 369 3579 401 3623; x_wconf 90' lang='lat' dir='ltr'>se</span> <span class='ocrx_word' id='word_1_251' title='bbox 414 3561 499 3622; x_wconf 90' lang='lat' dir='ltr'>modo</span> <span class='ocrx_word' id='word_1_252' title='bbox 512 3559 610 3622; x_wconf 85' lang='lat' dir='ltr'>lacere</span> <span class='ocrx_word' id='word_1_253' title='bbox 624 3574 709 3634; x_wconf 91' lang='lat' dir='ltr'>posse</span> <span class='ocrx_word' id='word_1_254' title='bbox 723 3560 824 3622; x_wconf 90' lang='lat' dir='ltr'>abnuit</span> <span class='ocrx_word' id='word_1_255' title='bbox 838 3577 873 3622; x_wconf 90' lang='grc' dir='ltr'>ιι</span> <span class='ocrx_word' id='word_1_256' title='bbox 886 3561 1072 3624; x_wconf 88' lang='lat' dir='ltr'>humanitatis</span> <span class='ocrx_word' id='word_1_257' title='bbox 1087 3580 1156 3639; x_wconf 79' lang='lat' dir='ltr'>ergo</span> <span class='ocrx_word' id='word_1_258' title='bbox 1165 3564 1426 3627; x_wconf 86' lang='lat' dir='ltr'>FranciscoChnn·</span> 
     </span>
     <span class='ocr_line' id='line_1_31' title="bbox 252 3664 1428 3748; baseline -0.001 -16"><span class='ocrx_word' id='word_1_259' title='bbox 252 3669 326 3732; x_wconf 87' lang='lat' dir='ltr'>rado</span> <span class='ocrx_word' id='word_1_260' title='bbox 340 3669 489 3730; x_wconf 85' lang='lat' dir='ltr'>dexteram</span> <span class='ocrx_word' id='word_1_261' title='bbox 512 3664 645 3741; x_wconf 78' lang='lat' dir='ltr'>praebuit.</span> <span class='ocrx_word' id='word_1_262' title='bbox 685 3666 838 3743; x_wconf 80' lang='lat' dir='ltr'>Siclringen</span> <span class='ocrx_word' id='word_1_263' title='bbox 851 3668 941 3742; x_wconf 78' lang='lat' dir='ltr'>igitur</span> <span class='ocrx_word' id='word_1_264' title='bbox 955 3669 1022 3729; x_wconf 87' lang='lat' dir='ltr'>vino</span> <span class='ocrx_word' id='word_1_265' title='bbox 1037 3686 1165 3730; x_wconf 89' lang='lat' dir='ltr'>amorem</span> <span class='ocrx_word' id='word_1_266' title='bbox 1175 3672 1301 3748; x_wconf 79' lang='lat' dir='ltr'>jungens</span> <span class='ocrx_word' id='word_1_267' title='bbox 1316 3669 1428 3732; x_wconf 76' lang='lat' dir='ltr'>Casani</span> 
     </span>
     <span class='ocr_line' id='line_1_32' title="bbox 253 3760 1520 3860; baseline 0.002 -24"><span class='ocrx_word' id='word_1_268' title='bbox 253 3790 370 3836; x_wconf 88' lang='lat' dir='ltr'>manum</span> <span class='ocrx_word' id='word_1_269' title='bbox 389 3773 489 3834; x_wconf 90' lang='lat' dir='ltr'>durius</span> <span class='ocrx_word' id='word_1_270' title='bbox 508 3773 622 3847; x_wconf 89' lang='lat' dir='ltr'>premit.</span> <span class='ocrx_word' id='word_1_271' title='bbox 669 3771 783 3838; x_wconf 85' lang='lat' dir='ltr'>Caesare</span> <span class='ocrx_word' id='word_1_272' title='bbox 805 3774 920 3860; x_wconf 84' lang='lat' dir='ltr'>volante</span> <span class='ocrx_word' id='word_1_273' title='bbox 943 3774 1090 3842; x_wconf 82' lang='lat' dir='ltr'>dexteram</span> <span class='ocrx_word' id='word_1_274' title='bbox 1114 3760 1266 3838; x_wconf 85' lang='lat' dir='ltr'>retrahere</span> <span class='ocrx_word' id='word_1_275' title='bbox 1289 3792 1325 3838; x_wconf 88' lang='lat' dir='ltr'>ac</span> <span class='ocrx_word' id='word_1_276' title='bbox 1344 3777 1428 3840; x_wconf 89' lang='lat' dir='ltr'>abire</span> <span class='ocrx_word' id='word_1_277' title='bbox 1519 3769 1520 3815; x_wconf 64' lang='lat'><em>³</em></span> 
     </span>
     <span class='ocr_line' id='line_1_33' title="bbox 253 3868 1428 3956; baseline 0 -14"><span class='ocrx_word' id='word_1_278' title='bbox 253 3881 370 3942; x_wconf 86' lang='lat' dir='ltr'>conanti</span> <span class='ocrx_word' id='word_1_279' title='bbox 392 3877 544 3953; x_wconf 79' lang='lat' dir='ltr'>Sickingen</span> <span class='ocrx_word' id='word_1_280' title='bbox 563 3868 667 3938; x_wconf 85' lang='lat' dir='ltr'>fortius</span> <span class='ocrx_word' id='word_1_281' title='bbox 686 3880 805 3956; x_wconf 87' lang='lat' dir='ltr'>premit,</span> <span class='ocrx_word' id='word_1_282' title='bbox 829 3895 947 3955; x_wconf 87' lang='lat' dir='ltr'>sperans</span> <span class='ocrx_word' id='word_1_283' title='bbox 966 3896 998 3941; x_wconf 91' lang='lat' dir='ltr'>se</span> <span class='ocrx_word' id='word_1_284' title='bbox 1022 3897 1106 3956; x_wconf 90' lang='lat' dir='ltr'>posse</span> <span class='ocrx_word' id='word_1_285' title='bbox 1127 3880 1261 3955; x_wconf 90' lang='lat' dir='ltr'>precibus</span> <span class='ocrx_word' id='word_1_286' title='bbox 1280 3880 1428 3944; x_wconf 82' lang='lat' dir='ltr'>Caesarem</span> 
     </span>
     <span class='ocr_line' id='line_1_34' title="bbox 252 3982 1428 4064; baseline -0.002 -16"><span class='ocrx_word' id='word_1_287' title='bbox 252 3987 388 4048; x_wconf 86' lang='lat' dir='ltr'>retinere.</span> <span class='ocrx_word' id='word_1_288' title='bbox 426 3983 466 4043; x_wconf 83' lang='lat' dir='ltr'>Et</span> <span class='ocrx_word' id='word_1_289' title='bbox 488 3999 551 4044; x_wconf 89' lang='lat' dir='ltr'>cum</span> <span class='ocrx_word' id='word_1_290' title='bbox 572 3982 805 4058; x_wconf 71' lang='lat' dir='ltr'>numquamne</span> <span class='ocrx_word' id='word_1_291' title='bbox 822 3985 899 4046; x_wconf 89' lang='lat' dir='ltr'>inter</span> <span class='ocrx_word' id='word_1_292' title='bbox 914 3984 974 4045; x_wconf 76' lang='lat' dir='ltr'>‘hos</span> <span class='ocrx_word' id='word_1_293' title='bbox 995 3991 1154 4064; x_wconf 80' lang='lat' dir='ltr'>pugnatum</span> <span class='ocrx_word' id='word_1_294' title='bbox 1168 3986 1294 4048; x_wconf 85' lang='lat' dir='ltr'>essetne</span> <span class='ocrx_word' id='word_1_295' title='bbox 1307 3987 1428 4048; x_wconf 66' lang='lat' dir='ltr'>undem</span> 
     </span>
     <span class='ocr_line' id='line_1_35' title="bbox 252 4090 1426 4174; baseline 0.001 -21"><span class='ocrx_word' id='word_1_296' title='bbox 252 4090 351 4153; x_wconf 86' lang='lat' dir='ltr'>Caesar</span> <span class='ocrx_word' id='word_1_297' title='bbox 366 4095 528 4174; x_wconf 71' lang='lat' dir='ltr'>suscepturo</span> <span class='ocrx_word' id='word_1_298' title='bbox 542 4091 599 4150; x_wconf 90' lang='lat' dir='ltr'>iter</span> <span class='ocrx_word' id='word_1_299' title='bbox 613 4097 852 4174; x_wconf 84' lang='lat' dir='ltr'>prosequeretur,</span> <span class='ocrx_word' id='word_1_300' title='bbox 873 4090 971 4151; x_wconf 86' lang='lat' dir='ltr'>Caesar</span> <span class='ocrx_word' id='word_1_301' title='bbox 986 4091 1162 4167; x_wconf 91' lang='lat' dir='ltr'>principibus</span> <span class='ocrx_word' id='word_1_302' title='bbox 1181 4099 1284 4168; x_wconf 91' lang='lat' dir='ltr'>postea</span> <span class='ocrx_word' id='word_1_303' title='bbox 1299 4107 1426 4167; x_wconf 85' lang='lat' dir='ltr'>conque·</span> 
     </span>
     <span class='ocr_line' id='line_1_36' title="bbox 252 4195 1427 4277; baseline 0 -19"><span class='ocrx_word' id='word_1_304' title='bbox 252 4203 314 4259; x_wconf 89' lang='lat' dir='ltr'>stus</span> <span class='ocrx_word' id='word_1_305' title='bbox 338 4202 395 4272; x_wconf 91' lang='lat' dir='ltr'>est,</span> <span class='ocrx_word' id='word_1_306' title='bbox 420 4212 452 4256; x_wconf 93' lang='lat' dir='ltr'>se</span> <span class='ocrx_word' id='word_1_307' title='bbox 474 4212 511 4256; x_wconf 82' lang='lat' dir='ltr'>ex</span> <span class='ocrx_word' id='word_1_308' title='bbox 533 4197 682 4272; x_wconf 89' lang='lat' dir='ltr'>pressione</span> <span class='ocrx_word' id='word_1_309' title='bbox 704 4213 806 4258; x_wconf 87' lang='lat' dir='ltr'>manus</span> <span class='ocrx_word' id='word_1_310' title='bbox 825 4198 862 4277; x_wconf 84' lang='lat' dir='ltr'>ob</span> <span class='ocrx_word' id='word_1_311' title='bbox 883 4195 1043 4272; x_wconf 80' lang='lat' dir='ltr'>chiragram</span> <span class='ocrx_word' id='word_1_312' title='bbox 1061 4203 1091 4258; x_wconf 92' lang='lat' dir='ltr'>et</span> <span class='ocrx_word' id='word_1_313' title='bbox 1109 4199 1267 4276; x_wconf 78' lang='lat' dir='ltr'>podagram</span> <span class='ocrx_word' id='word_1_314' title='bbox 1282 4199 1427 4259; x_wconf 78' lang='lat' dir='ltr'>omciatus</span> 
     </span>
     <span class='ocr_line' id='line_1_37' title="bbox 145 4292 1426 4379; baseline 0 -13"><span class='ocrx_word' id='word_1_315' title='bbox 145 4372 150 4378; x_wconf 59' lang='grc'><strong><em>,</em></strong></span> <span class='ocrx_word' id='word_1_316' title='bbox 251 4304 390 4366; x_wconf 84' lang='lat' dir='ltr'>maximos</span> <span class='ocrx_word' id='word_1_317' title='bbox 403 4303 557 4378; x_wconf 79' lang='lat' dir='ltr'>pertulisse</span> <span class='ocrx_word' id='word_1_318' title='bbox 572 4307 712 4374; x_wconf 83' lang='lat' dir='ltr'>ettamen</span> <span class='ocrx_word' id='word_1_319' title='bbox 727 4292 785 4364; x_wconf 88' lang='grc' dir='ltr'>ιιι</span> <span class='ocrx_word' id='word_1_320' title='bbox 800 4303 927 4378; x_wconf 83' lang='lat' dir='ltr'>pobrisse</span> <span class='ocrx_word' id='word_1_321' title='bbox 942 4302 1101 4378; x_wconf 78' lang='lat' dir='ltr'>Sickinpen·</span> <span class='ocrx_word' id='word_1_322' title='bbox 1110 4302 1293 4379; x_wconf 83' lang='lat' dir='ltr'>pudefacere.</span> <span class='ocrx_word' id='word_1_323' title='bbox 1329 4303 1426 4379; x_wconf 85' lang='lat' dir='ltr'>Hujus</span> 
     </span>
     <span class='ocr_line' id='line_1_38' title="bbox 248 4389 1518 4490; baseline -0.001 -18"><span class='ocrx_word' id='word_1_324' title='bbox 248 4389 309 4486; x_wconf 85' lang='lat' dir='ltr'>joci</span> <span class='ocrx_word' id='word_1_325' title='bbox 324 4413 354 4470; x_wconf 91' lang='lat' dir='ltr'>et</span> <span class='ocrx_word' id='word_1_326' title='bbox 364 4407 465 4482; x_wconf 49' lang='lat' dir='ltr'>¹Caenar</span> <span class='ocrx_word' id='word_1_327' title='bbox 488 4409 550 4484; x_wconf 87' lang='lat' dir='ltr'>ipse</span> <span class='ocrx_word' id='word_1_328' title='bbox 569 4415 599 4468; x_wconf 91' lang='lat' dir='ltr'>et</span> <span class='ocrx_word' id='word_1_329' title='bbox 613 4408 785 4470; x_wconf 83' lang='lat' dir='ltr'>Franciseus</span> <span class='ocrx_word' id='word_1_330' title='bbox 800 4407 969 4470; x_wconf 86' lang='lat' dir='ltr'>Chunradus</span> <span class='ocrx_word' id='word_1_331' title='bbox 989 4416 1096 4485; x_wconf 84' lang='lat' dir='ltr'>praeter</span> <span class='ocrx_word' id='word_1_332' title='bbox 1116 4411 1213 4485; x_wconf 87' lang='lat' dir='ltr'>plures</span> <span class='ocrx_word' id='word_1_333' title='bbox 1228 4414 1258 4471; x_wconf 92' lang='lat' dir='ltr'>et</span> <span class='ocrx_word' id='word_1_334' title='bbox 1266 4410 1382 4472; x_wconf 85' lang='lat' dir='ltr'>auritus</span> <span class='ocrx_word' id='word_1_335' title='bbox 1397 4416 1427 4474; x_wconf 91' lang='lat' dir='ltr'>et</span> <span class='ocrx_word' id='word_1_336' title='bbox 1514 4411 1518 4490; x_wconf 69' lang='lat' dir='ltr'>t</span> 
     </span>
     <span class='ocr_line' id='line_1_39' title="bbox 253 4493 814 4592; baseline -0.005 -9"><span class='ocrx_word' id='word_1_337' title='bbox 253 4515 383 4583; x_wconf 71' lang='lat' dir='ltr'>cudatus</span> <span class='ocrx_word' id='word_1_338' title='bbox 397 4519 487 4592; x_wconf 79' lang='lat' dir='ltr'>testes</span> <span class='ocrx_word' id='word_1_339' title='bbox 500 4519 643 4588; x_wconf 74' lang='grc' dir='ltr'>ιιιιιιιιι</span> <span class='ocrx_word' id='word_1_340' title='bbox 657 4518 733 4580; x_wconf 84' lang='lat' dir='ltr'>suut·</span> <span class='ocrx_word' id='word_1_341' title='bbox 803 4493 814 4514; x_wconf 72' lang='lat'>⁸</span> 
     </span>
    </p>
   </div>
   <div class='ocr_carea' id='block_1_3' title="bbox 0 0 1532 5110">
    <p class='ocr_par' dir='ltr' id='par_1_11' title="bbox 0 0 1532 5110">
     <span class='ocr_line' id='line_1_40' title="bbox 0 0 1532 5110; baseline 0 0"><span class='ocrx_word' id='word_1_342' title='bbox 0 0 1532 5110; x_wconf 95' lang='lat' dir='ltr'> </span> 
     </span>
    </p>
   </div>
  </div>
 </body>
</html>
