3054 5110
684 403 687 410 ·
763 361 812 434 ‘id

200 553 294 616 silium
303 553 380 616 inter
388 567 477 630 opera
486 551 749 641 supererogationis
759 555 977 612 annumeratum
989 553 1019 611 at
1025 549 1162 612 omnibus
1175 551 1381 613 uuiverssliter

200 664 376 736 praeseptum
390 675 464 735 esse,
480 676 539 719 uon
553 657 622 718 solis
634 657 679 734 iis,
696 657 787 732 quise
801 657 967 717 claustrales
982 661 1094 718 vesunt.
1125 655 1280 718 Adduoens
1299 657 1380 723 testi·

200 767 330 828 monium
343 781 380 824 ex
399 781 461 840 cap.
481 765 499 824 5
519 763 667 824 Matthaei:
693 762 848 837 «Quisquis
869 767 965 822 autem
987 763 1136 838 ooeiderit,
1161 761 1303 824 obnoxius
1325 765 1381 824 erit

194 871 328 948 iudicio«
345 877 400 932 ete.
437 871 510 932 Item
524 869 619 931 Deum
633 873 746 944 patrem
761 869 929 929 assimilavit
949 869 1027 944 patri
1049 865 1178 943 familia,
1202 871 1253 943 qui
1270 869 1381 932 babens

201 975 292 1038 {ilium
306 977 353 1037 vel
368 974 465 1051 filiam,
483 975 532 1050 qui
547 975 594 1036 vel
609 989 674 1050 quaa
689 990 707 1033 a
721 980 806 1052 patre
820 979 965 1050 praeapte
980 973 1132 1048 acceperit,
1149 979 1179 1034 et
1193 978 1290 1034 tamen
1304 991 1380 1049 prue-

203 1084 294 1158 eeptis
307 1081 386 1142 bisce
400 1097 459 1140 non
473 1080 620 1154 obedierit,
643 1081 691 1140 bio
708 1087 831 1156 patrem,
855 1079 966 1140 etiamsi
985 1083 1086 1138 tenere
1104 1079 1210 1140 liberos
1230 1081 1379 1154 amaverit,

202 1205 262 1250 uon
276 1194 373 1249 tamen
387 1187 485 1245 statim
499 1203 565 1246 eum
579 1185 635 1245 illis
650 1183 882 1246 abblanditurum
897 1199 969 1258 esse,
982 1183 1034 1243 sed
1048 1181 1124 1243 forte
1139 1184 1295 1244 dicturum:
1315 1185 1381 1244 «En

146 1272 150 1281 ⁸
203 1293 266 1354 boee
287 1293 340 1354 tibi
361 1292 501 1366 praesepi,
525 1291 577 1351 sed
599 1297 632 1350 tu
653 1291 796 1366 pervicaci
816 1291 928 1350 service
949 1287 1112 1364 repugnas?
1146 1290 1220 1350 Vide
1241 1281 1331 1366 igitur
1349 1296 1382 1350 ut

204 1400 292 1458 alium
306 1403 336 1458 te
351 1414 444 1473 geras.
476 1381 559 1470 Quod
573 1395 603 1455 ni
617 1393 679 1470 fiat,
695 1393 774 1456 haud
788 1399 818 1455 te
832 1392 884 1454 filii
897 1393 1132 1455 loeo'habiturus
1154 1411 1226 1454 sum.
1258 1388 1380 1470 Insuper

179 1505 301 1577 etiam,
325 1501 382 1562 nisi
403 1501 568 1576 resipueris,
592 1501 842 1563 exhereditaturna
864 1515 936 1559 sum.
974 1499 1026 1560 Sin
1046 1515 1116 1560 vero
1137 1484 1167 1559 te
1187 1502 1326 1588 gesseris,
1349 1507 1382 1561 ut

203 1607 376 1682 morigerum
390 1607 468 1680 patri
480 1603 572 1666 filium
586 1605 678 1681 deeet,
703 1622 757 1681 ego
773 1620 886 1682 quoque
900 1593 1005 1666 affeetu
1019 1609 1141 1679 paterno
1155 1609 1186 1666 te
1199 1610 1233 1666 ut
1247 1606 1381 1668 dileoum

147 1761 150 1770 ,
203 1710 293 1772 filium
305 1712 352 1772 vel
362 1709 449 1772 filiam
462 1727 642 1788 prosequar«
656 1716 710 1772 ete.
735 1711 766 1772 Si
780 1711 827 1771 hio
841 1711 887 1771 vel
901 1711 952 1770 illa
966 1711 1055 1770 vitam
1068 1711 1100 1769 in
1114 1710 1215 1772 melius
1228 1712 1383 1771 mutaverit

204 1821 235 1878 et
249 1817 326 1894 patri
339 1817 467 1878 debitam
481 1809 673 1877 obedientiam
687 1803 863 1892 praestiterit,
879 1798 1110 1891 benignissimum
1124 1822 1237 1890 patrem
1252 1818 1382 1892 experie-

201 1929 262 1985 tur.
292 1923 338 1984 Ita
353 1927 384 1983 et
397 1923 488 1998 nobis,
512 1922 614 1996 inquit,
638 1921 757 1984 aoeidet.
788 1921 821 1982 Si
835 1921 963 1996 quotidie
977 1921 1096 1982 verbum
1115 1922 1310 1996 benignissimi
1325 1939 1382 1983 eos

203 2029 285 2090 iestis
306 2029 398 2104 putris
420 2029 512 2088 nostri
532 2028 726 2089 audiverimus
747 2033 777 2087 et
797 2033 894 2088 tamen
916 2026 1044 2102 quotidie
1067 2029 1151 2089 nobis
1172 2028 1243 2102 ipsis
1263 2020 1382 2104 'pejores

201 2135 352 2196 reddimur
365 2137 395 2193 et
404 2135 495 2208 putris
507 2134 581 2194 iram
591 2138 621 2193 et
633 2131 894 2194 exhaeredationem
907 2135 1096 2194 incurremus.
1120 2135 1171 2194 Sin
1185 2149 1256 2194 vero
1271 2144 1308 2193 ex
1321 2139 1383 2194 toto

203 2239 291 2302 eorde
305 2239 442 2299 manmtu
456 2239 518 2314 ejus
540 2239 692 2312 exsequuti
713 2236 864 2314 fuerimus,
888 2240 949 2314 ipse
969 2255 1084 2314 quoque
1102 2239 1176 2299 iram
1195 2255 1277 2300 suam
1299 2254 1383 2300 revo-

205 2350 322 2406 caturus
344 2336 389 2404 est
407 2347 462 2406 etc.
491 2329 564 2404 Item
578 2343 706 2404 ostendit
720 2361 835 2419 quoque
850 2361 887 2405 ex
900 2359 963 2418 eap.
982 2331 1003 2406 5'
1016 2345 1157 2425 Mattbai,
1175 2361 1261 2418 quam
1273 2345 1382 2405 nullam

204 2447 320 2511 laudem
334 2461 505 2523 mereamur,
529 2449 555 2508 si
574 2453 687 2508 tuntum
707 2445 806 2512 amieis
826 2457 857 2512 et
871 2447 1212 2525 uobiebeneiaeientibus
1227 2449 1303 2511 bene
1315 2467 1381 2525 pre·

204 2569 305 2616 eamur
324 2558 377 2616 aut
396 2551 524 2614 iacimus.
559 2553 645 2628 Nam,
668 2555 770 2631 inquit,
792 2559 926 2618 naturam
949 2561 981 2615 et
997 2562 1124 2616 mutuam
1145 2555 1301 2618 smiaitium
1322 2557 1381 2616 exi·

205 2675 284 2736 gere,
306 2665 337 2720 et
351 2675 370 2720 a
384 2659 561 2734 sapientibus
575 2658 698 2723 ethnids
712 2661 865 2735 probatum
880 2677 995 2736 qnoque
1008 2661 1046 2722 iri
1061 2667 1091 2722 et
1105 2661 1299 2736 germanicum
1314 2677 1381 2736 pro

207 2763 352 2826 'verbiumz
375 2765 507 2828 Freundt
519 2768 592 2828 uber
606 2765 654 2824 ein
669 2767 759 2842 Zuun,
773 2763 890 2828 beundt
904 2766 1232 2841 vidderumbberuber,
1247 2770 1382 2826 testatur.

206 2868 264 2934 Sed
278 2873 355 2934 busti
369 2877 399 2933 et
413 2876 597 2950 persequenti
616 2889 669 2935 nos
690 2873 845 2934 benevolos
865 2889 929 2933 essa
951 2877 980 2933 st
1002 2873 1038 2934 de
1059 2873 1162 2934 iisdem
1184 2871 1261 2933 bona
1276 2873 1382 2949 optari,

202 2979 293 3055 idque
308 2959 345 3040 en
359 2980 453 3043 animo
468 2986 619 3056 praestare,
636 2979 711 3040 hune
724 2975 925 3054 laborem,boe
938 2995 1010 3055 opus
1023 2995 1095 3041 esse.
1119 2977 1275 3038 Proferam
1288 2991 1383 3038 exem·

202 3086 284 3162 pren
302 3085 411 3146 domin
429 3086 581 3146 novatoris
596 3087 688 3146 nostri
702 3086 774 3146 Jesu
788 3085 904 3160 cassu,
929 3087 979 3160 qus
997 3087 1029 3145 sn
1048 3085 1281 3145 amoenamus
1295 3061 1384 3144 mein·

205 3192 266 3253 bris
280 3171 409 3266 pendens
423 3207 477 3268 pro
493 3189 725 3268 crucifigentibus
741 3208 827 3252 orans
847 3190 932 3251 dixit:
958 3191 1076 3266 «Pater,
1092 3185 1209 3266 ignosce
1224 3190 1291 3264 illis,
1313 3190 1383 3264 quia

204 3297 347 3372 nesciunt,
364 3295 433 3370 quid
446 3293 587 3355 faciunt«
611 3295 684 3354 Item
699 3297 839 3372 Stephani
853 3297 1149 3371 protomartyrispui
1164 3297 1225 3370 J'am
1239 3296 1384 3371 lapidibus

109 3408 115 3420 ‘
203 3417 321 3480 quoque
335 3402 442 3476 petitus
458 3402 596 3460 oraverit:
616 3399 757 3461 «Domine
766 3401 848 3477 Jesu,
864 3418 901 3462 ua
917 3401 973 3462 illis
988 3407 1100 3483 statues
1110 3403 1166 3462 boa
1179 3403 1210 3462 in
1224 3407 1382 3482 peecatum,

207 3509 275 3585 quia
288 3495 428 3581 nesciunt,
439 3505 660 3581 perdiscunt«
685 3507 742 3568 Sed
753 3503 828 3569 sorte
841 3505 937 3570 dieere
951 3523 1064 3587 posses:
1079 3508 1125 3569 Ab
1139 3507 1306 3570 adversario
1320 3493 1384 3570 siue

202 3594 283 3675 omui
297 3625 395 3688 muse,
419 3617 525 3688 prater
543 3614 589 3687 jus
610 3617 641 3674 et
658 3627 772 3688 aequum
792 3630 852 3674 non
872 3615 964 3676 solum
982 3613 1087 3674 damno
1109 3619 1139 3674 et
1153 3615 1263 3690 magnis
1279 3631 1383 3690 oppro

204 3717 277 3782 briis
291 3715 411 3780 adamus
426 3733 498 3793 sum,
522 3718 573 3779 ssd
595 3719 712 3794 insuper
731 3720 802 3780 mibi
821 3737 875 3782 nee
894 3715 1018 3795 uuquam
1039 3735 1103 3780 eum
1116 3721 1255 3782 bonorem
1268 3720 1382 3799 detulit,

200 3831 239 3887 ut
258 3825 339 3901 apud
359 3841 405 3885 me
427 3839 533 3886 noxam
559 3841 640 3886 suum
667 3824 881 3904 deprecaretur.
919 3824 1082 3901 Donamus,
1109 3826 1216 3912 inquit,
1242 3827 1286 3886 sie
1308 3833 1382 3888 esse.

205 3931 314 4022 Verum
333 3925 530 3993 eum'uuveris
544 3921 738 3993 innocentium
753 3933 860 4010 domiui
876 3937 906 3993 et
924 3933 1027 4007 quibus
1048 3932 1176 4007 probris,
1200 3933 1383 4007 blasphemiis

202 4021 400 4111 morbusque
420 4037 446 4096 is
468 4037 505 4097 ub
525 4039 621 4113 impiis
641 4037 758 4099 affectus
780 4036 868 4100 fuerit
889 4037 928 4115 (si
948 4037 1033 4097 modo
1054 4036 1226 4097 amuranus
1241 4039 1384 4112 nommari

206 4139 291 4218 velis)
304 4148 437 4220 respectu
445 4142 552 4204 Christi
566 4144 731 4205 adversario
745 4149 796 4204 tuo
811 4143 916 4216 omnia,
932 4144 1081 4218 irrogatus
1095 4144 1192 4219 etiam,
1208 4145 1300 4218 gratis
1313 4159 1382 4205 uon·

205 4247 327 4324 denare,
351 4249 529 4322 potissimum
550 4251 627 4324 quod
646 4256 677 4310 et
695 4251 801 4325 probru
820 4256 851 4310 et
869 4249 988 4324 vibices,
1008 4265 1080 4324 quos
1100 4249 1168 4309 tulit
1185 4247 1328 4323 Christus
1351 4254 1384 4310 tu

198 4355 273 4430 ··psti
287 4352 437 4428 debueras,
456 4337 564 4417 teneris
580 4362 633 4417 eta.
664 4355 726 4416 Nee
737 4355 815 4414 enim
829 4355 925 4429 magni
937 4353 1100 4416 beandum
1114 4361 1167 4428 est,
1190 4355 1310 4430 proprio
1325 4359 1384 4415 aare

212 4445 320 4546 ababa
334 4456 487 4536 edifieere,
507 4441 609 4538 tempii
628 4461 755 4538 parietes
774 4459 928 4532 edomare,
951 4461 998 4521 vel
1016 4460 1062 4521 bis
1081 4463 1192 4538 avaJora
1209 4471 1323 4536 quomo
1340 4457 1384 4536 ia·
1424 4505 1428 4514 .
