3046 5104
794 425 885 492 ‘ist

262 610 385 682 helmum
403 609 539 670 comitem*
561 608 598 668 de
619 607 735 668 Nssssu
763 613 793 668 et
813 607 909 669 nesdc
932 623 1004 684 quos
1024 607 1096 668 elios
1116 607 1263 668 siberitice
1285 606 1423 666 instructis

260 717 364 774 mensis
380 716 502 790 excepit.
683 789 686 797 Ι

349 821 422 894 Quis
441 821 530 896 igitur
549 818 726 879 coloniensis
748 817 891 893 pollicitus
914 824 978 879 erut
998 819 1076 894 apud
1100 817 1319 878 Atrebatensem
1333 833 1422 890 supro

259 926 371 986 Eubulo
394 927 615 985 intercessurum
637 929 666 982 et
681 940 764 984 nemo
784 929 870 998 esset,
887 924 936 997 qui
950 926 1075 984 munitor
1088 921 1167 997 upud
1182 921 1366 984 Wilhelmum
1377 937 1420 980 cc-

258 1033 354 1092 mitem
370 1033 521 1102 existeret,
542 1031 605 1104 ipse
624 1029 747 1102 cogebar
767 1045 812 1088 mc
831 1029 876 1088 bis
896 1029 1005 1092 deliciis
1024 1029 1183 1116 immiscere
1206 1043 1242 1088 ec
1256 1027 1355 1087 hortos
1367 1026 1422 1099 lyn-

258 1153 324 1198 ceos
339 1137 526 1212 perlustrare.
561 1135 652 1206 Quum
667 1135 790 1208 primum
801 1139 901 1194 nutem
916 1136 1143 1210 inconspectum
1158 1133 1308 1193 wilhelmi
1321 1133 1421 1192 comitis

258 1244 337 1317 veui,
359 1249 438 1302 recte
452 1257 484 1300 se
503 1256 550 1300 res
572 1239 695 1313 habent,
726 1241 833 1314 iuquit,
870 1256 936 1299 nem
956 1241 1017 1315 jem
1036 1247 1096 1300 tum
1118 1237 1173 1298 ieci
1187 1217 1362 1309 mentionem
1375 1238 1420 1295 tui.

258 1347 328 1406 Post
343 1346 456 1421 repotiu
470 1344 668 1405 ntromtcnsis
688 1359 733 1404 me
749 1345 866 1418 e-longe
882 1351 1006 1405 euntem
1020 1343 1121 1404 videus
1143 1343 1257 1404 detecto
1274 1343 1365 1417 cupite
1378 1359 1421 1402 un·

258 1451 335 1524 uruit,
358 1467 392 1510 uc
413 1466 479 1508 mox
500 1449 675 1508 Coloniensis
695 1449 932 1525 Atrebatensem,
966 1447 1156 1524 sigmundsm
1184 1453 1214 1508 et
1231 1447 1376 1508 dominum
1390 1446 1421 1504 de

258 1557 338 1630 Lyre
352 1556 471 1614 seorsim
486 1553 613 1614 obduxit.
652 1555 727 1630 Quid
741 1555 846 1616 fectum
861 1557 899 1614 sit
914 1561 1042 1629 expecto.
1073 1555 1128 1627 Qui
1143 1555 1249 1629 omniu,
1266 1558 1299 1612 ut
1313 1553 1354 1612 illi
1367 1552 1420 1626 pls·

240 1662 345 1720 >citum
360 1665 412 1734 est,
430 1659 562 1734 disponit,
588 1663 612 1720 is
628 1667 656 1721 et
669 1663 739 1722 'haec
754 1665 869 1736 negotis
885 1662 1108 1722 misericorditer
1123 1660 1269 1720 moderari
1285 1660 1417 1735 dignetur.

258 1767 372 1828 Amen..
1124 1821 1128 1825 .

346 1873 386 1946 iiij
407 1871 488 1934 Junii
514 1872 543 1931 in
569 1874 631 1935 ede
650 1874 789 1936 Meuritio
813 1888 896 1934 sucre
915 1872 1043 1932 loannes
1068 1872 1209 1932 Henricns
1233 1888 1270 1932 ex
1292 1871 1382 1946 cupite
1402 1872 1417 1928 3

249 1982 385 2056 epistulae
396 1978 584 2040 edRcmuucs
597 1980 702 2053 populo
712 1980 844 2054 preelegit
854 1979 930 2038 bunc
939 1982 1061 2038 textuum:
1080 1977 1268 2038 »Praesertim
1278 1993 1341 2036 cum
1355 1974 1418 2036 scie

257 2103 320 2148 mus
334 2092 456 2161 tempus,
473 2085 549 2160 quod
564 2087 764 2159 tempestivum
780 2086 825 2158 sit,
842 2100 895 2143 nos
910 2101 928 2144 e
943 2099 1042 2143 sumno
1057 2085 1225 2157 expergisci.
1256 2083 1341 2142 Nunc
1353 2081 1418 2140 euin

257 2195 375 2274 propius
399 2193 480 2252 adest
495 2189 576 2252 nobis
592 2192 685 2266 selus,
702 2208 787 2266 quem
802 2189 1188 2270 tnn,oum‚credebomns‹
1205 2167 1261 2248 etc.
1284 2201 1372 2262 usque
1385 2184 1418 2244 ud

256 2296 342 2356 finem
357 2298 467 2371 cepitis.
506 2295 637 2356 Eundem
652 2287 761 2356 textum
779 2281 1013 2382 christianissime
1028 2294 1198 2384 ermannus,
1222 2292 1328 2353 docens
1342 2307 1417 2367 quen

257 2417 375 2476 prorsus
397 2400 505 2460 uullnm
524 2401 608 2473 huius
625 2401 812 2480 ¹succeptnbilis
835 2400 970 2474 temporis
990 2399 1131 2458 tutionem
1145 2397 1312 2485 habeamus,
1336 2394 1417 2457 uddu-

258 2523 323 2566 cens
339 2506 399 2564 bue
419 2506 482 2566 locu
497 2505 601 2578 ulique
623 2506 840 2580 scripturorum.
874 2503 958 2570 'Item
972 2503 1115 2579 quomodo
1130 2505 1193 2579 jem
1207 2523 1270 2579 ¹per
1290 2503 1420 2564 diutinum

257 2617 369 2685 tempus
393 2611 423 2669 iu
443 2615 526 2670 nocte
545 2626 566 2668 c
581 2609 854 2685 pseudodoctoribus
876 2611 984 2672 detemi
1004 2611 1091 2670 simus
1110 2611 1229 2684 etquid
1248 2627 1302 2684 per
1316 2611 1417 2668 nouom

257 2715 482 2790 significaretur,
508 2716 615 2775 scilicet
629 2721 740 2789 tompus
756 2716 839 2796 illud,
864 2719 894 2778 iu
909 2733 965 2790 quo
986 2733 1136 2792 peremne
1151 2713 1232 2776 nefus
1248 2716 1416 2778 ambulantes

258 2821 372 2882 diubolc
387 2820 579 2880 obedientium
594 2822 779 2909 prestitimus
794 2823 914 2882 necdum
930 2825 1030 2898 nguits
1043 2824 1106 2882 luce
1121 2824 1287 2898 evangelicu
1301 2837 1353 2882 uec
1366 2833 1416 2878 uon

257 2927 401 3001 agnitione
422 2925 528 2987 Christi
550 2911 681 2986 cudentes
701 2925 826 2986 fuimns..
858 2930 930 2990 Item
956 2930 993 2988 de
1016 2930 1224 2994 extremuboc
1243 2928 1416 2988 nnebrnrun

255 3038 385 3110 tempore
401 3039 430 3092 et
445 3032 522 3106 quod
536 3035 607 3094 hore
622 3035 718 3094 instet.
735 3033 909 3094 Producens
924 3036 1083 3108 exemplum
1094 3034 1130 3094 dc
1146 3033 1246 3094 decem
1257 3031 1414 3108 virginibus

258 3154 375 3198 monens
397 3154 433 3196 ne
452 3137 561 3197 stultus
572 3139 754 3198 imitaremur
777 3138 951 3200 dormientes
973 3141 1276 3229 inadventuispousi.1
1309 3137 1416 3210 ltemut

239 3245 314 3318 ·.jnm
328 3243 426 3316 agnitu
449 3243 571 3302 veritate
585 3244 671 3318 ,juxte
694 3243 721 3302 d.
738 3243 823 3302 Pauli
843 3246 1042 3320 prescriptum
1065 3261 1154 3318 opere
1173 3246 1356 3306 tenebrarum
1373 3237 1414 3316 ds

257 3363 426 3422 poneremus
441 3351 470 3404 et
484 3363 564 3406 ermu
579 3348 649 3405 lucis
665 3348 856 3408 indueremus.
875 3351 958 3409 ‚Item
974 3367 1037 3408 curn
1053 3351 1088 3410 de
1107 3353 1184 3410 vitiis
1199 3351 1302 3413 horum
1316 3355 1413 3420 tenpo-

225 3503 233 3510 ,
257 3465 321 3512 rum
336 3451 498 3526 dissereret,
516 3454 658 3525 quomodo
674 3470 710 3512 ex
726 3455 864 3516 ebrietate
879 3461 1016 3530 tanqunm
1031 3453 1159 3516 exiente
1175 3459 1230 3521 rivi
1245 3450 1414 3520 oeternum

256 3558 430 3618 deriventur.
454 3558 499 3616 Ne
514 3563 611 3646 eutem
627 3550 804 3618 Christianos
820 3562 906 3623 vitem
927 3564 1056 3636 cynicum
1072 3544 1177 3622 ducere
1192 3563 1264 3625 vele
1280 3561 1413 3624 existimu-

256 3669 349 3738 retur‚
375 3665 482 3738 inquit,
505 3681 562 3724 uun
585 3665 662 3737 quud
684 3667 836 3726 convenire
859 3669 964 3728 amicos
980 3652 1031 3728 eut
1044 3668 1166 3728 honeste
1180 3671 1324 3742 symposia
1337 3661 1413 3738 egeri

237 3775 402 3844 peccatum
417 3771 470 3844 sit,
494 3786 552 3830 mm
572 3771 648 3843 quod
669 3771 766 3852 bibere
781 3779 811 3832 et
824 3773 974 3834 comedere
989 3789 1046 3848 pru
1058 3773 1162 3832 delicto
1185 3774 1333 3847 habeatur,
1355 3781 1411 3828 nim

255 3876 299 3934 bis
315 3891 414 3934 cerere
437 3877 594 3950 nequimus,
612 3877 664 3936 sed
679 3877 756 3950 quud
770 3879 811 3936 itu
826 3878 967 3952 potationi
982 3883 1099 3954 operam
1114 3878 1228 3954 dumus,
1245 3881 1286 3952 ita
1300 3871 1412 3950 ingluvie

255 3987 285 4041 et
307 3987 385 4040 mero
400 3985 530 4051 ventrem
545 3973 706 4056 oneremus,
730 3987 763 4041 ut
776 3999 843 4042 mox
858 3999 960 4068 crexes
975 3987 1132 4059 sequentur
1147 3996 1181 4043 sc
1196 3986 1325 4058 gemitum.
1360 3978 1408 4036 Di·

254 4085 321 4145 inde
337 4093 505 4158 queruntur
520 4086 625 4146 cubilis
637 4089 720 4160 juxte
730 4089 913 4162 proverbium
930 4091 980 4148 »in
990 4091 1056 4148 vino
1068 4089 1213 4162 luxurie&
1228 4079 1285 4150 'nec
1298 4081 1410 4150 honestis

254 4175 421 4265 conjugibus
447 4207 500 4249 nec
524 4188 651 4266 innuptis
667 4194 823 4267 virginibus
839 4195 884 4253 vel
900 4195 1027 4268 parcitur
1042 4196 1088 4254 vel
1103 4211 1171 4254 suus
1186 4195 1309 4258 nabetur
1322 4195 1408 4254 honos.

254 4299 317 4371 Qus
331 4297 406 4356 euim
421 4301 506 4383 seteis
520 4296 662 4369 megiseb
677 4295 856 4382 belluouibus
871 4304 900 4358 et
914 4301 1103 4386 spurcissimis
1125 4300 1285 4362 bominibus
1300 4296 1409 4370 virginti

253 4403 363 4462 vitiatus
376 4385 458 4475 suut,
481 4402 625 4462 adulteris
643 4407 694 4461 eut
708 4407 809 4476 stuprs
830 4406 876 4464 vel
890 4407 1001 4482 meiere
1015 4405 1061 4462 uel
1077 4405 1161 4479 plura
1176 4407 1324 4466 commissu
1337 4410 1408 4478 quum

253 4508 308 4568 buc
329 4508 392 4581 ipsa
413 4512 513 4568 nostru
535 4512 622 4568 etate
637 4512 713 4566 sunt.
751 4507 835 4569 Adde
850 4511 928 4582 quod
943 4510 1081 4586 ejusmodi
1097 4511 1183 4584 quum
1197 4505 1313 4574 minium
1334 4516 1407 4587 noessl
