<?xml version="1.0" encoding="UTF-8"?>
<!DOCTYPE html PUBLIC "-//W3C//DTD XHTML 1.0 Transitional//EN"
    "http://www.w3.org/TR/xhtml1/DTD/xhtml1-transitional.dtd">
<html xmlns="http://www.w3.org/1999/xhtml" xml:lang="en" lang="en">
 <head>
  <title>
</title>
<meta http-equiv="Content-Type" content="text/html;charset=utf-8" />
  <meta name='ocr-system' content='tesseract 3.04.00' />
  <meta name='ocr-capabilities' content='ocr_page ocr_carea ocr_par ocr_line ocrx_word'/>
</head>
<body>
  <div class='ocr_page' id='page_1' title='image "./desgrafenwolrad02trosgoog_0098.png"; bbox 0 0 3046 5104; ppageno 0'>
   <div class='ocr_carea' id='block_1_1' title="bbox 719 389 763 452">
    <p class='ocr_par' dir='ltr' id='par_1_1' title="bbox 719 389 763 452">
     <span class='ocr_line' id='line_1_1' title="bbox 719 389 763 452; baseline 0 0"><span class='ocrx_word' id='word_1_1' title='bbox 719 389 763 452; x_wconf 78' lang='lat' dir='ltr'>st</span> 
     </span>
    </p>
   </div>
   <div class='ocr_carea' id='block_1_2' title="bbox 141 573 1341 4127">
    <p class='ocr_par' dir='ltr' id='par_1_2' title="bbox 141 573 1341 4127">
     <span class='ocr_line' id='line_1_2' title="bbox 147 573 1327 650; baseline 0.003 -14"><span class='ocrx_word' id='word_1_2' title='bbox 147 575 302 636; x_wconf 82' lang='lat' dir='ltr'>Musonius</span> <span class='ocrx_word' id='word_1_3' title='bbox 316 575 416 650; x_wconf 84' lang='lat' dir='ltr'>itaque</span> <span class='ocrx_word' id='word_1_4' title='bbox 435 573 703 648; x_wconf 71' lang='lat' dir='ltr'><strong>recapitulationem</strong></span> <span class='ocrx_word' id='word_1_5' title='bbox 717 587 825 648; x_wconf 89' lang='lat' dir='ltr'>eornm,</span> <span class='ocrx_word' id='word_1_6' title='bbox 847 587 910 650; x_wconf 81' lang='lat' dir='ltr'>quae</span> <span class='ocrx_word' id='word_1_7' title='bbox 927 573 973 634; x_wconf 91' lang='lat' dir='ltr'>die</span> <span class='ocrx_word' id='word_1_8' title='bbox 988 574 1131 638; x_wconf 86' lang='lat' dir='ltr'>dominica</span> <span class='ocrx_word' id='word_1_9' title='bbox 1144 576 1234 638; x_wconf 78' lang='lat' dir='ltr'>Lnne</span> <span class='ocrx_word' id='word_1_10' title='bbox 1249 578 1327 640; x_wconf 88' lang='lat' dir='ltr'>Mer·</span> 
     </span>
     <span class='ocr_line' id='line_1_3' title="bbox 147 676 1326 758; baseline 0.003 -17"><span class='ocrx_word' id='word_1_11' title='bbox 147 680 223 741; x_wconf 84' lang='lat' dir='ltr'>curii</span> <span class='ocrx_word' id='word_1_12' title='bbox 239 684 270 740; x_wconf 90' lang='lat' dir='ltr'>et</span> <span class='ocrx_word' id='word_1_13' title='bbox 284 679 406 738; x_wconf 88' lang='lat' dir='ltr'>Veneris</span> <span class='ocrx_word' id='word_1_14' title='bbox 429 679 535 753; x_wconf 89' lang='lat' dir='ltr'>elapsis</span> <span class='ocrx_word' id='word_1_15' title='bbox 557 677 595 736; x_wconf 89' lang='lat' dir='ltr'>ad</span> <span class='ocrx_word' id='word_1_16' title='bbox 614 676 824 750; x_wconf 79' lang='lat' dir='ltr'>praecedentem</span> <span class='ocrx_word' id='word_1_17' title='bbox 843 683 952 737; x_wconf 83' lang='lat' dir='ltr'>textum</span> <span class='ocrx_word' id='word_1_18' title='bbox 968 678 1166 742; x_wconf 90' lang='lat' dir='ltr'>elucidandum</span> <span class='ocrx_word' id='word_1_19' title='bbox 1180 684 1326 758; x_wconf 73' lang='lat' dir='ltr'>docuerat,</span> 
     </span>
     <span class='ocr_line' id='line_1_4' title="bbox 148 781 1325 863; baseline 0.003 -19"><span class='ocrx_word' id='word_1_20' title='bbox 148 783 227 844; x_wconf 82' lang='lat' dir='ltr'>iecit.</span> <span class='ocrx_word' id='word_1_21' title='bbox 267 783 378 844; x_wconf 89' lang='lat' dir='ltr'>Dehinc</span> <span class='ocrx_word' id='word_1_22' title='bbox 402 799 491 856; x_wconf 87' lang='lat' dir='ltr'>quare</span> <span class='ocrx_word' id='word_1_23' title='bbox 507 781 637 842; x_wconf 85' lang='lat' dir='ltr'>Christus</span> <span class='ocrx_word' id='word_1_24' title='bbox 659 781 812 856; x_wconf 83' lang='lat' dir='ltr'>discipulos</span> <span class='ocrx_word' id='word_1_25' title='bbox 827 783 949 842; x_wconf 91' lang='lat' dir='ltr'>mundos</span> <span class='ocrx_word' id='word_1_26' title='bbox 964 799 1027 842; x_wconf 91' lang='lat' dir='ltr'>esse</span> <span class='ocrx_word' id='word_1_27' title='bbox 1046 784 1168 859; x_wconf 82' lang='lat' dir='ltr'>dixerit,</span> <span class='ocrx_word' id='word_1_28' title='bbox 1192 789 1325 863; x_wconf 80' lang='lat' dir='ltr'>ostendit,</span> 
     </span>
     <span class='ocr_line' id='line_1_5' title="bbox 147 887 1326 966; baseline 0.005 -18"><span class='ocrx_word' id='word_1_29' title='bbox 147 890 285 948; x_wconf 87' lang='lat' dir='ltr'>nimirum</span> <span class='ocrx_word' id='word_1_30' title='bbox 294 887 332 947; x_wconf 93' lang='lat' dir='ltr'>ob</span> <span class='ocrx_word' id='word_1_31' title='bbox 341 889 460 948; x_wconf 88' lang='lat' dir='ltr'>verbnm</span> <span class='ocrx_word' id='word_1_32' title='bbox 475 887 553 961; x_wconf 86' lang='lat' dir='ltr'>qnod</span> <span class='ocrx_word' id='word_1_33' title='bbox 567 887 728 948; x_wconf 83' lang='lat' dir='ltr'>audierant.</span> <span class='ocrx_word' id='word_1_34' title='bbox 752 889 825 946; x_wconf 85' lang='lat' dir='ltr'>Item</span> <span class='ocrx_word' id='word_1_35' title='bbox 839 889 928 946; x_wconf 87' lang='lat' dir='ltr'>movit</span> <span class='ocrx_word' id='word_1_36' title='bbox 938 891 1133 964; x_wconf 67' lang='lat' dir='ltr'>questionem,</span> <span class='ocrx_word' id='word_1_37' title='bbox 1150 909 1213 966; x_wconf 74' lang='lat' dir='ltr'>qua</span> <span class='ocrx_word' id='word_1_38' title='bbox 1228 899 1326 954; x_wconf 86' lang='lat' dir='ltr'>eorum</span> 
     </span>
     <span class='ocr_line' id='line_1_6' title="bbox 148 973 1325 1071; baseline 0.005 -19"><span class='ocrx_word' id='word_1_39' title='bbox 148 993 305 1054; x_wconf 89' lang='lat' dir='ltr'>mundities</span> <span class='ocrx_word' id='word_1_40' title='bbox 321 1009 383 1052; x_wconf 88' lang='lat' dir='ltr'>esse</span> <span class='ocrx_word' id='word_1_41' title='bbox 399 973 535 1068; x_wconf 79' lang='lat' dir='ltr'>potuerit,</span> <span class='ocrx_word' id='word_1_42' title='bbox 558 1009 621 1052; x_wconf 91' lang='lat' dir='ltr'>oum</span> <span class='ocrx_word' id='word_1_43' title='bbox 637 993 761 1066; x_wconf 91' lang='lat' dir='ltr'>apostoli</span> <span class='ocrx_word' id='word_1_44' title='bbox 775 993 928 1054; x_wconf 77' lang='lat' dir='ltr'>ambitione</span> <span class='ocrx_word' id='word_1_45' title='bbox 943 993 1118 1071; x_wconf 85' lang='lat' dir='ltr'>laborarent,</span> <span class='ocrx_word' id='word_1_46' title='bbox 1143 1013 1233 1071; x_wconf 88' lang='lat' dir='ltr'>quare</span> <span class='ocrx_word' id='word_1_47' title='bbox 1256 1004 1285 1058; x_wconf 90' lang='lat' dir='ltr'>et</span> <span class='ocrx_word' id='word_1_48' title='bbox 1307 1013 1325 1058; x_wconf 85' lang='lat' dir='ltr'>a</span> 
     </span>
     <span class='ocr_line' id='line_1_7' title="bbox 148 1097 1341 1184; baseline 0.005 -26"><span class='ocrx_word' id='word_1_49' title='bbox 148 1099 266 1159; x_wconf 91' lang='lat' dir='ltr'>domino</span> <span class='ocrx_word' id='word_1_50' title='bbox 289 1099 415 1172; x_wconf 79' lang='lat' dir='ltr'>correpti</span> <span class='ocrx_word' id='word_1_51' title='bbox 435 1103 503 1156; x_wconf 91' lang='lat' dir='ltr'>sunt</span> <span class='ocrx_word' id='word_1_52' title='bbox 525 1097 596 1172; x_wconf 88' lang='lat' dir='ltr'>ipsis</span> <span class='ocrx_word' id='word_1_53' title='bbox 619 1097 746 1158; x_wconf 86' lang='lat' dir='ltr'>dicente:</span> <span class='ocrx_word' id='word_1_54' title='bbox 779 1097 929 1171; x_wconf 80' lang='lat' dir='ltr'>Principes</span> <span class='ocrx_word' id='word_1_55' title='bbox 945 1101 1071 1172; x_wconf 80' lang='lat' dir='ltr'>gentium</span> <span class='ocrx_word' id='word_1_56' title='bbox 1084 1097 1269 1162; x_wconf 89' lang='lat' dir='ltr'>dominantur</span> <span class='ocrx_word' id='word_1_57' title='bbox 1284 1104 1341 1184; x_wconf 84' lang='lat' dir='ltr'>eis¹</span> 
     </span>
     <span class='ocr_line' id='line_1_8' title="bbox 146 1201 1323 1281; baseline 0.003 -17"><span class='ocrx_word' id='word_1_58' title='bbox 146 1210 215 1278; x_wconf 79' lang='lat' dir='ltr'>etc,</span> <span class='ocrx_word' id='word_1_59' title='bbox 232 1219 283 1262; x_wconf 81' lang='lat' dir='ltr'>vos</span> <span class='ocrx_word' id='word_1_60' title='bbox 297 1207 394 1262; x_wconf 88' lang='lat' dir='ltr'>autem</span> <span class='ocrx_word' id='word_1_61' title='bbox 408 1217 466 1260; x_wconf 93' lang='lat' dir='ltr'>non</span> <span class='ocrx_word' id='word_1_62' title='bbox 481 1202 530 1260; x_wconf 89' lang='lat' dir='ltr'>sic.</span> <span class='ocrx_word' id='word_1_63' title='bbox 563 1201 604 1270; x_wconf 86' lang='lat' dir='ltr'>Et</span> <span class='ocrx_word' id='word_1_64' title='bbox 618 1209 682 1260; x_wconf 82' lang='lat' dir='ltr'>cunt</span> <span class='ocrx_word' id='word_1_65' title='bbox 696 1203 800 1262; x_wconf 90' lang='lat' dir='ltr'>iterato</span> <span class='ocrx_word' id='word_1_66' title='bbox 816 1202 852 1262; x_wconf 89' lang='lat' dir='ltr'>de</span> <span class='ocrx_word' id='word_1_67' title='bbox 867 1203 967 1262; x_wconf 87' lang='lat' dir='ltr'>eadem</span> <span class='ocrx_word' id='word_1_68' title='bbox 982 1221 1014 1264; x_wconf 89' lang='lat' dir='ltr'>re</span> <span class='ocrx_word' id='word_1_69' title='bbox 1030 1204 1218 1280; x_wconf 83' lang='lat' dir='ltr'>disputarent,</span> <span class='ocrx_word' id='word_1_70' title='bbox 1243 1209 1323 1281; x_wconf 88' lang='lat' dir='ltr'>puel-</span> 
     </span>
     <span class='ocr_line' id='line_1_9' title="bbox 147 1293 1324 1385; baseline 0.006 -17"><span class='ocrx_word' id='word_1_71' title='bbox 147 1309 208 1379; x_wconf 86' lang='lat' dir='ltr'>ium</span> <span class='ocrx_word' id='word_1_72' title='bbox 222 1309 253 1368; x_wconf 92' lang='lat' dir='ltr'>in</span> <span class='ocrx_word' id='word_1_73' title='bbox 268 1310 300 1366; x_wconf 90' lang='lat' dir='ltr'>in</span> <span class='ocrx_word' id='word_1_74' title='bbox 313 1307 438 1366; x_wconf 88' lang='lat' dir='ltr'>medium</span> <span class='ocrx_word' id='word_1_75' title='bbox 453 1307 588 1368; x_wconf 89' lang='lat' dir='ltr'>statuerit</span> <span class='ocrx_word' id='word_1_76' title='bbox 602 1312 657 1366; x_wconf 83' lang='lat' dir='ltr'>eta.</span> <span class='ocrx_word' id='word_1_77' title='bbox 689 1307 764 1366; x_wconf 91' lang='lat' dir='ltr'>Hinc</span> <span class='ocrx_word' id='word_1_78' title='bbox 779 1308 867 1382; x_wconf 82' lang='lat' dir='ltr'>igitur</span> <span class='ocrx_word' id='word_1_79' title='bbox 881 1308 973 1382; x_wconf 88' lang='lat' dir='ltr'>liquet</span> <span class='ocrx_word' id='word_1_80' title='bbox 988 1293 1142 1385; x_wconf 86' lang='lat' dir='ltr'>apostolos,</span> <span class='ocrx_word' id='word_1_81' title='bbox 1164 1316 1193 1372; x_wconf 88' lang='lat' dir='ltr'>ct</span> <span class='ocrx_word' id='word_1_82' title='bbox 1208 1313 1266 1372; x_wconf 90' lang='lat' dir='ltr'>non</span> <span class='ocrx_word' id='word_1_83' title='bbox 1280 1328 1324 1374; x_wconf 91' lang='lat' dir='ltr'>so-</span> 
     </span>
     <span class='ocr_line' id='line_1_10' title="bbox 146 1393 1324 1490; baseline 0.006 -19"><span class='ocrx_word' id='word_1_84' title='bbox 146 1414 208 1471; x_wconf 92' lang='lat' dir='ltr'>lum</span> <span class='ocrx_word' id='word_1_85' title='bbox 223 1412 384 1487; x_wconf 88' lang='lat' dir='ltr'>apostolos,</span> <span class='ocrx_word' id='word_1_86' title='bbox 409 1413 461 1472; x_wconf 89' lang='lat' dir='ltr'>sed</span> <span class='ocrx_word' id='word_1_87' title='bbox 481 1416 511 1470; x_wconf 90' lang='lat' dir='ltr'>et</span> <span class='ocrx_word' id='word_1_88' title='bbox 533 1428 585 1470; x_wconf 90' lang='lat' dir='ltr'>nos</span> <span class='ocrx_word' id='word_1_89' title='bbox 608 1428 705 1472; x_wconf 89' lang='lat' dir='ltr'>omnes</span> <span class='ocrx_word' id='word_1_90' title='bbox 725 1413 785 1485; x_wconf 84' lang='lat' dir='ltr'>jam</span> <span class='ocrx_word' id='word_1_91' title='bbox 806 1419 866 1471; x_wconf 84' lang='lat' dir='ltr'>tnnr</span> <span class='ocrx_word' id='word_1_92' title='bbox 889 1393 1011 1476; x_wconf 82' lang='lat' dir='ltr'>mundos</span> <span class='ocrx_word' id='word_1_93' title='bbox 1034 1393 1096 1476; x_wconf 74' lang='lat' dir='ltr'>esse</span> <span class='ocrx_word' id='word_1_94' title='bbox 1116 1433 1169 1490; x_wconf 93' lang='lat' dir='ltr'>per</span> <span class='ocrx_word' id='word_1_95' title='bbox 1190 1419 1324 1483; x_wconf 83' lang='lat' dir='ltr'>meritum</span> 
     </span>
     <span class='ocr_line' id='line_1_11' title="bbox 147 1515 1322 1598; baseline 0.007 -22"><span class='ocrx_word' id='word_1_96' title='bbox 147 1517 258 1576; x_wconf 79' lang='lat' dir='ltr'>Christi</span> <span class='ocrx_word' id='word_1_97' title='bbox 273 1522 303 1576; x_wconf 92' lang='lat' dir='ltr'>et</span> <span class='ocrx_word' id='word_1_98' title='bbox 318 1515 437 1576; x_wconf 89' lang='lat' dir='ltr'>verbum</span> <span class='ocrx_word' id='word_1_99' title='bbox 452 1519 514 1590; x_wconf 86' lang='lat' dir='ltr'>ejus</span> <span class='ocrx_word' id='word_1_100' title='bbox 529 1515 587 1576; x_wconf 91' lang='lat' dir='ltr'>fide</span> <span class='ocrx_word' id='word_1_101' title='bbox 600 1525 755 1594; x_wconf 89' lang='lat' dir='ltr'>receptum.</span> <span class='ocrx_word' id='word_1_102' title='bbox 793 1519 864 1578; x_wconf 89' lang='lat' dir='ltr'>ltem</span> <span class='ocrx_word' id='word_1_103' title='bbox 881 1518 958 1592; x_wconf 89' lang='lat' dir='ltr'>quod</span> <span class='ocrx_word' id='word_1_104' title='bbox 972 1518 1051 1579; x_wconf 89' lang='lat' dir='ltr'>Deus</span> <span class='ocrx_word' id='word_1_105' title='bbox 1068 1539 1103 1580; x_wconf 86' lang='lat' dir='ltr'>ex</span> <span class='ocrx_word' id='word_1_106' title='bbox 1117 1538 1198 1582; x_wconf 88' lang='lat' dir='ltr'>mera</span> <span class='ocrx_word' id='word_1_107' title='bbox 1212 1528 1242 1582; x_wconf 92' lang='lat' dir='ltr'>et</span> <span class='ocrx_word' id='word_1_108' title='bbox 1256 1539 1322 1598; x_wconf 79' lang='lat' dir='ltr'>gra·</span> 
     </span>
     <span class='ocr_line' id='line_1_12' title="bbox 147 1622 1322 1702; baseline 0.005 -20"><span class='ocrx_word' id='word_1_109' title='bbox 147 1624 225 1682; x_wconf 88' lang='lat' dir='ltr'>tm&#39;ta</span> <span class='ocrx_word' id='word_1_110' title='bbox 240 1637 293 1680; x_wconf 91' lang='lat' dir='ltr'>sua</span> <span class='ocrx_word' id='word_1_111' title='bbox 307 1622 512 1697; x_wconf 85' lang='lat' dir='ltr'>misericordia,</span> <span class='ocrx_word' id='word_1_112' title='bbox 533 1625 646 1684; x_wconf 90' lang='lat' dir='ltr'>etiamsi</span> <span class='ocrx_word' id='word_1_113' title='bbox 661 1639 719 1684; x_wconf 91' lang='lat' dir='ltr'>non</span> <span class='ocrx_word' id='word_1_114' title='bbox 732 1622 861 1697; x_wconf 88' lang='lat' dir='ltr'>perfecta</span> <span class='ocrx_word' id='word_1_115' title='bbox 875 1625 906 1682; x_wconf 93' lang='lat' dir='ltr'>in</span> <span class='ocrx_word' id='word_1_116' title='bbox 921 1624 1002 1684; x_wconf 89' lang='lat' dir='ltr'>nobis</span> <span class='ocrx_word' id='word_1_117' title='bbox 1017 1627 1128 1698; x_wconf 87' lang='lat' dir='ltr'>puritas</span> <span class='ocrx_word' id='word_1_118' title='bbox 1143 1628 1190 1702; x_wconf 90' lang='lat' dir='ltr'>sit,</span> <span class='ocrx_word' id='word_1_119' title='bbox 1216 1627 1253 1688; x_wconf 92' lang='lat' dir='ltr'>oh</span> <span class='ocrx_word' id='word_1_120' title='bbox 1267 1625 1322 1688; x_wconf 85' lang='lat' dir='ltr'>rili·</span> 
     </span>
     <span class='ocr_line' id='line_1_13' title="bbox 146 1727 1322 1802; baseline 0.007 -18"><span class='ocrx_word' id='word_1_121' title='bbox 146 1744 195 1788; x_wconf 91' lang='lat' dir='ltr'>nm</span> <span class='ocrx_word' id='word_1_122' title='bbox 211 1741 264 1800; x_wconf 89' lang='lat' dir='ltr'>per</span> <span class='ocrx_word' id='word_1_123' title='bbox 279 1727 496 1801; x_wconf 85' lang='lat' dir='ltr'>imputationem</span> <span class='ocrx_word' id='word_1_124' title='bbox 517 1744 570 1802; x_wconf 88' lang='lat' dir='ltr'>pro</span> <span class='ocrx_word' id='word_1_125' title='bbox 589 1729 702 1793; x_wconf 90' lang='lat' dir='ltr'>mundis</span> <span class='ocrx_word' id='word_1_126' title='bbox 722 1745 775 1788; x_wconf 91' lang='lat' dir='ltr'>nos</span> <span class='ocrx_word' id='word_1_127' title='bbox 790 1728 908 1802; x_wconf 88' lang='lat' dir='ltr'>habeat,</span> <span class='ocrx_word' id='word_1_128' title='bbox 925 1735 955 1788; x_wconf 89' lang='lat' dir='ltr'>et</span> <span class='ocrx_word' id='word_1_129' title='bbox 969 1729 1047 1801; x_wconf 94' lang='lat' dir='ltr'>quod</span> <span class='ocrx_word' id='word_1_130' title='bbox 1062 1745 1145 1790; x_wconf 88' lang='lat' dir='ltr'>nemo</span> <span class='ocrx_word' id='word_1_131' title='bbox 1161 1740 1322 1794; x_wconf 87' lang='lat' dir='ltr'>sanctorum</span> 
     </span>
     <span class='ocr_line' id='line_1_14' title="bbox 146 1829 1324 1914; baseline 0.004 -22"><span class='ocrx_word' id='word_1_132' title='bbox 146 1847 278 1906; x_wconf 81' lang='lat' dir='ltr'>unquam</span> <span class='ocrx_word' id='word_1_133' title='bbox 293 1830 366 1892; x_wconf 88' lang='lat' dir='ltr'>adeo</span> <span class='ocrx_word' id='word_1_134' title='bbox 381 1830 525 1912; x_wconf 79' lang='lat' dir='ltr'>perfectus</span> <span class='ocrx_word' id='word_1_135' title='bbox 539 1829 635 1914; x_wconf 81' lang='lat' dir='ltr'>suerit,</span> <span class='ocrx_word' id='word_1_136' title='bbox 652 1850 709 1908; x_wconf 86' lang='lat' dir='ltr'>quo</span> <span class='ocrx_word' id='word_1_137' title='bbox 724 1833 973 1895; x_wconf 88' lang='lat' dir='ltr'>hancmnnditiem</span> <span class='ocrx_word' id='word_1_138' title='bbox 983 1834 1060 1892; x_wconf 92' lang='lat' dir='ltr'>omni</span> <span class='ocrx_word' id='word_1_139' title='bbox 1075 1850 1112 1892; x_wconf 84' lang='lat' dir='ltr'>ex</span> <span class='ocrx_word' id='word_1_140' title='bbox 1126 1842 1209 1908; x_wconf 89' lang='lat' dir='ltr'>parte</span> <span class='ocrx_word' id='word_1_141' title='bbox 1223 1837 1254 1894; x_wconf 93' lang='lat' dir='ltr'>in</span> <span class='ocrx_word' id='word_1_142' title='bbox 1268 1835 1324 1898; x_wconf 90' lang='lat' dir='ltr'>hoc</span> 
     </span>
     <span class='ocr_line' id='line_1_15' title="bbox 146 1936 1324 2017; baseline 0.006 -21"><span class='ocrx_word' id='word_1_143' title='bbox 146 1936 255 2016; x_wconf 85' lang='lat' dir='ltr'>mundo</span> <span class='ocrx_word' id='word_1_144' title='bbox 270 1942 418 1996; x_wconf 86' lang='lat' dir='ltr'>assecutus</span> <span class='ocrx_word' id='word_1_145' title='bbox 431 1937 479 2011; x_wconf 86' lang='lat' dir='ltr'>sit,</span> <span class='ocrx_word' id='word_1_146' title='bbox 496 1954 631 1998; x_wconf 84' lang='lat' dir='ltr'>necuere</span> <span class='ocrx_word' id='word_1_147' title='bbox 646 1954 760 2012; x_wconf 87' lang='lat' dir='ltr'>quoque</span> <span class='ocrx_word' id='word_1_148' title='bbox 776 1938 904 2010; x_wconf 90' lang='lat' dir='ltr'>ecclesia,</span> <span class='ocrx_word' id='word_1_149' title='bbox 917 1955 983 1998; x_wconf 90' lang='lat' dir='ltr'>nam</span> <span class='ocrx_word' id='word_1_150' title='bbox 998 1939 1153 1996; x_wconf 87' lang='lat' dir='ltr'>necessitas</span> <span class='ocrx_word' id='word_1_151' title='bbox 1163 1955 1226 1998; x_wconf 90' lang='lat' dir='ltr'>eam</span> <span class='ocrx_word' id='word_1_152' title='bbox 1239 1948 1324 2017; x_wconf 78' lang='lat' dir='ltr'>urget</span> 
     </span>
     <span class='ocr_line' id='line_1_16' title="bbox 146 2022 1322 2136; baseline 0.006 -36"><span class='ocrx_word' id='word_1_153' title='bbox 146 2041 278 2116; x_wconf 87' lang='lat' dir='ltr'>qnotidie</span> <span class='ocrx_word' id='word_1_154' title='bbox 293 2057 391 2102; x_wconf 88' lang='lat' dir='ltr'>orare:</span> <span class='ocrx_word' id='word_1_155' title='bbox 406 2043 532 2102; x_wconf 84' lang='lat' dir='ltr'>Remitte</span> <span class='ocrx_word' id='word_1_156' title='bbox 547 2043 629 2105; x_wconf 87' lang='lat' dir='ltr'>nobis</span> <span class='ocrx_word' id='word_1_157' title='bbox 641 2042 741 2102; x_wconf 88' lang='lat' dir='ltr'>dehita</span> <span class='ocrx_word' id='word_1_158' title='bbox 756 2047 863 2102; x_wconf 88' lang='lat' dir='ltr'>nostra.</span> <span class='ocrx_word' id='word_1_159' title='bbox 894 2022 1001 2102; x_wconf 47' lang='lat' dir='ltr'>Et&#39;hoc</span> <span class='ocrx_word' id='word_1_160' title='bbox 1010 2043 1074 2136; x_wconf 77' lang='lat' dir='ltr'>loco</span> <span class='ocrx_word' id='word_1_161' title='bbox 1089 2042 1180 2104; x_wconf 91' lang='lat' dir='ltr'>multa</span> <span class='ocrx_word' id='word_1_162' title='bbox 1195 2043 1270 2105; x_wconf 82' lang='lat' dir='ltr'>seria</span> <span class='ocrx_word' id='word_1_163' title='bbox 1285 2046 1322 2108; x_wconf 89' lang='lat' dir='ltr'>de</span> 
     </span>
     <span class='ocr_line' id='line_1_17' title="bbox 146 2125 1320 2224; baseline 0.002 -16"><span class='ocrx_word' id='word_1_164' title='bbox 146 2149 271 2208; x_wconf 84' lang='lat' dir='ltr'>adversa</span> <span class='ocrx_word' id='word_1_165' title='bbox 287 2147 406 2211; x_wconf 87' lang='lat' dir='ltr'>ecclesia</span> <span class='ocrx_word' id='word_1_166' title='bbox 417 2125 497 2208; x_wconf 83' lang='lat' dir='ltr'>dixit.</span> <span class='ocrx_word' id='word_1_167' title='bbox 522 2147 605 2221; x_wconf 81' lang='lat' dir='ltr'>Quod</span> <span class='ocrx_word' id='word_1_168' title='bbox 619 2155 715 2208; x_wconf 89' lang='lat' dir='ltr'>antem</span> <span class='ocrx_word' id='word_1_169' title='bbox 730 2148 933 2208; x_wconf 80' lang='lat' dir='ltr'>sitdominus:</span> <span class='ocrx_word' id='word_1_170' title='bbox 960 2144 1025 2206; x_wconf 83' lang='lat' dir='ltr'>«Oh</span> <span class='ocrx_word' id='word_1_171' title='bbox 1040 2146 1168 2222; x_wconf 86' lang='lat' dir='ltr'>verbum,</span> <span class='ocrx_word' id='word_1_172' title='bbox 1185 2150 1262 2224; x_wconf 93' lang='lat' dir='ltr'>quod</span> <span class='ocrx_word' id='word_1_173' title='bbox 1277 2151 1320 2210; x_wconf 91' lang='lat' dir='ltr'>ln·</span> 
     </span>
     <span class='ocr_line' id='line_1_18' title="bbox 145 2252 1320 2330; baseline 0.005 -18"><span class='ocrx_word' id='word_1_174' title='bbox 145 2257 255 2327; x_wconf 75' lang='lat' dir='ltr'>cnutus</span> <span class='ocrx_word' id='word_1_175' title='bbox 272 2267 335 2312; x_wconf 90' lang='lat' dir='ltr'>sum</span> <span class='ocrx_word' id='word_1_176' title='bbox 350 2252 461 2328; x_wconf 71' lang='lat' dir='ltr'>vobis»</span> <span class='ocrx_word' id='word_1_177' title='bbox 479 2255 637 2314; x_wconf 92' lang='lat' dir='ltr'>notandum</span> <span class='ocrx_word' id='word_1_178' title='bbox 647 2255 714 2314; x_wconf 91' lang='lat' dir='ltr'>hino</span> <span class='ocrx_word' id='word_1_179' title='bbox 725 2258 778 2328; x_wconf 87' lang='lat' dir='ltr'>est,</span> <span class='ocrx_word' id='word_1_180' title='bbox 795 2253 871 2328; x_wconf 87' lang='lat' dir='ltr'>quod</span> <span class='ocrx_word' id='word_1_181' title='bbox 888 2255 998 2327; x_wconf 85' lang='lat' dir='ltr'>puritas</span> <span class='ocrx_word' id='word_1_182' title='bbox 1007 2269 1065 2314; x_wconf 91' lang='lat' dir='ltr'>non</span> <span class='ocrx_word' id='word_1_183' title='bbox 1080 2255 1197 2330; x_wconf 89' lang='lat' dir='ltr'>anobis,</span> <span class='ocrx_word' id='word_1_184' title='bbox 1214 2257 1263 2330; x_wconf 86' lang='lat' dir='ltr'>qui</span> <span class='ocrx_word' id='word_1_185' title='bbox 1276 2255 1320 2318; x_wconf 88' lang='lat' dir='ltr'>in·</span> 
     </span>
     <span class='ocr_line' id='line_1_19' title="bbox 145 2354 1323 2444; baseline 0.005 -28"><span class='ocrx_word' id='word_1_186' title='bbox 145 2365 193 2444; x_wconf 75' lang='lat' dir='ltr'>tue¹</span> <span class='ocrx_word' id='word_1_187' title='bbox 216 2362 247 2416; x_wconf 89' lang='lat' dir='ltr'>et</span> <span class='ocrx_word' id='word_1_188' title='bbox 267 2358 298 2416; x_wconf 91' lang='lat' dir='ltr'>in</span> <span class='ocrx_word' id='word_1_189' title='bbox 320 2363 386 2418; x_wconf 85' lang='lat' dir='ltr'>cute</span> <span class='ocrx_word' id='word_1_190' title='bbox 400 2359 477 2418; x_wconf 82' lang='lat' dir='ltr'>vitiis</span> <span class='ocrx_word' id='word_1_191' title='bbox 492 2358 648 2434; x_wconf 75' lang='lat' dir='ltr'>affluimus,</span> <span class='ocrx_word' id='word_1_192' title='bbox 671 2358 722 2418; x_wconf 88' lang='lat' dir='ltr'>sed</span> <span class='ocrx_word' id='word_1_193' title='bbox 736 2376 755 2418; x_wconf 90' lang='lat' dir='ltr'>a</span> <span class='ocrx_word' id='word_1_194' title='bbox 769 2361 820 2418; x_wconf 83' lang='lat' dir='ltr'>viti</span> <span class='ocrx_word' id='word_1_195' title='bbox 842 2361 892 2418; x_wconf 90' lang='lat' dir='ltr'>illa</span> <span class='ocrx_word' id='word_1_196' title='bbox 907 2377 976 2420; x_wconf 90' lang='lat' dir='ltr'>vera</span> <span class='ocrx_word' id='word_1_197' title='bbox 991 2361 1073 2420; x_wconf 86' lang='lat' dir='ltr'>nebia</span> <span class='ocrx_word' id='word_1_198' title='bbox 1089 2361 1244 2434; x_wconf 78' lang='lat' dir='ltr'>contingat.</span> <span class='ocrx_word' id='word_1_199' title='bbox 1261 2354 1264 2359; x_wconf 78' lang='grc'><strong>’</strong></span> <span class='ocrx_word' id='word_1_200' title='bbox 1282 2361 1323 2422; x_wconf 89' lang='lat' dir='ltr'>Et</span> 
     </span>
     <span class='ocr_line' id='line_1_20' title="bbox 144 2463 1319 2548; baseline 0.004 -27"><span class='ocrx_word' id='word_1_201' title='bbox 144 2467 267 2537; x_wconf 87' lang='lat' dir='ltr'>propter</span> <span class='ocrx_word' id='word_1_202' title='bbox 281 2463 400 2522; x_wconf 82' lang='lat' dir='ltr'>verbnm</span> <span class='ocrx_word' id='word_1_203' title='bbox 415 2465 521 2538; x_wconf 87' lang='lat' dir='ltr'>inquit,</span> <span class='ocrx_word' id='word_1_204' title='bbox 544 2464 621 2538; x_wconf 86' lang='lat' dir='ltr'>qnod</span> <span class='ocrx_word' id='word_1_205' title='bbox 636 2463 772 2539; x_wconf 87' lang='lat' dir='ltr'>audistis,</span> <span class='ocrx_word' id='word_1_206' title='bbox 798 2466 907 2524; x_wconf 90' lang='lat' dir='ltr'>scilicet</span> <span class='ocrx_word' id='word_1_207' title='bbox 921 2483 939 2526; x_wconf 92' lang='lat' dir='ltr'>a</span> <span class='ocrx_word' id='word_1_208' title='bbox 953 2482 1012 2540; x_wconf 90' lang='lat' dir='ltr'>me,</span> <span class='ocrx_word' id='word_1_209' title='bbox 1037 2481 1095 2524; x_wconf 92' lang='lat' dir='ltr'>non</span> <span class='ocrx_word' id='word_1_210' title='bbox 1110 2465 1154 2548; x_wconf 78' lang='lat' dir='ltr'>ob¹</span> <span class='ocrx_word' id='word_1_211' title='bbox 1162 2465 1319 2539; x_wconf 85' lang='lat' dir='ltr'>quodlibet,</span> 
     </span>
     <span class='ocr_line' id='line_1_21' title="bbox 145 2567 1321 2649; baseline 0.002 -21"><span class='ocrx_word' id='word_1_212' title='bbox 145 2567 255 2641; x_wconf 86' lang='lat' dir='ltr'>inquit,</span> <span class='ocrx_word' id='word_1_213' title='bbox 278 2568 397 2628; x_wconf 88' lang='lat' dir='ltr'>verbum</span> <span class='ocrx_word' id='word_1_214' title='bbox 419 2569 541 2644; x_wconf 92' lang='lat' dir='ltr'>domini,</span> <span class='ocrx_word' id='word_1_215' title='bbox 556 2570 651 2646; x_wconf 42' lang='lat' dir='ltr'>,idque</span> <span class='ocrx_word' id='word_1_216' title='bbox 672 2570 800 2642; x_wconf 87' lang='lat' dir='ltr'>unicum,</span> <span class='ocrx_word' id='word_1_217' title='bbox 826 2587 884 2629; x_wconf 92' lang='lat' dir='ltr'>non</span> <span class='ocrx_word' id='word_1_218' title='bbox 906 2571 1036 2644; x_wconf 77' lang='lat' dir='ltr'>iudaicae</span> <span class='ocrx_word' id='word_1_219' title='bbox 1060 2570 1238 2649; x_wconf 80' lang='lat' dir='ltr'>traditiones,</span> <span class='ocrx_word' id='word_1_220' title='bbox 1263 2586 1321 2632; x_wconf 91' lang='lat' dir='ltr'>non</span> 
     </span>
     <span class='ocr_line' id='line_1_22' title="bbox 144 2672 1321 2750; baseline 0.003 -19"><span class='ocrx_word' id='word_1_221' title='bbox 144 2672 349 2734; x_wconf 84' lang='lat' dir='ltr'>mahometicae</span> <span class='ocrx_word' id='word_1_222' title='bbox 372 2675 548 2749; x_wconf 88' lang='lat' dir='ltr'>sanctiones,</span> <span class='ocrx_word' id='word_1_223' title='bbox 575 2674 823 2736; x_wconf 77' lang='lat' dir='ltr'>non-iudeorum</span> <span class='ocrx_word' id='word_1_224' title='bbox 845 2675 1132 2750; x_wconf 83' lang='lat' dir='ltr'>Talmut,tnroicum</span> <span class='ocrx_word' id='word_1_225' title='bbox 1146 2674 1321 2735; x_wconf 85' lang='lat' dir='ltr'>Alteranum</span> 
     </span>
     <span class='ocr_line' id='line_1_23' title="bbox 145 2777 1321 2855; baseline 0 -17"><span class='ocrx_word' id='word_1_226' title='bbox 145 2778 193 2838; x_wconf 86' lang='lat' dir='ltr'>vel</span> <span class='ocrx_word' id='word_1_227' title='bbox 207 2777 356 2853; x_wconf 83' lang='lat' dir='ltr'>pontificia</span> <span class='ocrx_word' id='word_1_228' title='bbox 377 2781 495 2840; x_wconf 86' lang='lat' dir='ltr'>decreta</span> <span class='ocrx_word' id='word_1_229' title='bbox 510 2786 564 2840; x_wconf 91' lang='lat' dir='ltr'>etc.</span> <span class='ocrx_word' id='word_1_230' title='bbox 600 2780 719 2839; x_wconf 69' lang='lat' dir='ltr'>‘Dooens</span> <span class='ocrx_word' id='word_1_231' title='bbox 740 2795 825 2851; x_wconf 86' lang='lat' dir='ltr'>quam</span> <span class='ocrx_word' id='word_1_232' title='bbox 846 2778 918 2838; x_wconf 87' lang='lat' dir='ltr'>nihil</span> <span class='ocrx_word' id='word_1_233' title='bbox 933 2785 1015 2838; x_wconf 82' lang='lat' dir='ltr'>extra</span> <span class='ocrx_word' id='word_1_234' title='bbox 1030 2784 1060 2838; x_wconf 90' lang='lat' dir='ltr'>et</span> <span class='ocrx_word' id='word_1_235' title='bbox 1074 2785 1181 2855; x_wconf 80' lang='lat' dir='ltr'>praeter</span> <span class='ocrx_word' id='word_1_236' title='bbox 1203 2780 1321 2840; x_wconf 89' lang='lat' dir='ltr'>verbnm</span> 
     </span>
     <span class='ocr_line' id='line_1_24' title="bbox 145 2868 1320 2960; baseline -0.001 -14"><span class='ocrx_word' id='word_1_237' title='bbox 145 2885 193 2946; x_wconf 77' lang='lat' dir='ltr'>ner</span> <span class='ocrx_word' id='word_1_238' title='bbox 213 2885 245 2942; x_wconf 83' lang='lat' dir='ltr'>m</span> <span class='ocrx_word' id='word_1_239' title='bbox 259 2884 400 2960; x_wconf 73' lang='lat' dir='ltr'>rengtone</span> <span class='ocrx_word' id='word_1_240' title='bbox 415 2886 472 2944; x_wconf 77' lang='lat' dir='ltr'>vnn</span> <span class='ocrx_word' id='word_1_241' title='bbox 486 2868 605 2960; x_wconf 69' lang='lat' dir='ltr'>ueneat,</span> <span class='ocrx_word' id='word_1_242' title='bbox 627 2884 665 2946; x_wconf 83' lang='lat' dir='ltr'>on</span> <span class='ocrx_word' id='word_1_243' title='bbox 681 2885 778 2945; x_wconf 77' lang='lat' dir='ltr'>ocutos</span> <span class='ocrx_word' id='word_1_244' title='bbox 797 2885 1022 2958; x_wconf 67' lang='lat' dir='ltr'>muraenarum</span> <span class='ocrx_word' id='word_1_245' title='bbox 1038 2901 1135 2944; x_wconf 78' lang='lat' dir='ltr'>rerum</span> <span class='ocrx_word' id='word_1_246' title='bbox 1149 2885 1320 2946; x_wconf 65' lang='lat' dir='ltr'>introeant</span> 
     </span>
     <span class='ocr_line' id='line_1_25' title="bbox 144 2967 1319 3064; baseline -0.002 -14"><span class='ocrx_word' id='word_1_247' title='bbox 144 2991 218 3050; x_wconf 91' lang='lat' dir='ltr'>Item</span> <span class='ocrx_word' id='word_1_248' title='bbox 233 2990 269 3049; x_wconf 88' lang='lat' dir='ltr'>de</span> <span class='ocrx_word' id='word_1_249' title='bbox 284 3007 339 3050; x_wconf 90' lang='lat' dir='ltr'>usn</span> <span class='ocrx_word' id='word_1_250' title='bbox 353 2995 596 3050; x_wconf 87' lang='lat' dir='ltr'>sacramentorum</span> <span class='ocrx_word' id='word_1_251' title='bbox 612 2995 641 3049; x_wconf 90' lang='lat' dir='ltr'>et</span> <span class='ocrx_word' id='word_1_252' title='bbox 657 2989 693 3048; x_wconf 88' lang='lat' dir='ltr'>de</span> <span class='ocrx_word' id='word_1_253' title='bbox 708 2989 752 3062; x_wconf 87' lang='lat' dir='ltr'>iis,</span> <span class='ocrx_word' id='word_1_254' title='bbox 769 3005 832 3061; x_wconf 87' lang='lat' dir='ltr'>quae</span> <span class='ocrx_word' id='word_1_255' title='bbox 848 2989 909 3046; x_wconf 91' lang='lat' dir='ltr'>sine</span> <span class='ocrx_word' id='word_1_256' title='bbox 926 2990 1013 3049; x_wconf 89' lang='lat' dir='ltr'>verbo</span> <span class='ocrx_word' id='word_1_257' title='bbox 1025 3006 1077 3064; x_wconf 91' lang='lat' dir='ltr'>per</span> <span class='ocrx_word' id='word_1_258' title='bbox 1093 2990 1221 3063; x_wconf 90' lang='lat' dir='ltr'>papistas</span> <span class='ocrx_word' id='word_1_259' title='bbox 1236 2967 1319 3064; x_wconf 84' lang='lat' dir='ltr'>fiunt,</span> 
     </span>
     <span class='ocr_line' id='line_1_26' title="bbox 144 3093 1321 3176; baseline -0.002 -22"><span class='ocrx_word' id='word_1_260' title='bbox 144 3096 220 3154; x_wconf 87' lang='lat' dir='ltr'>sicut</span> <span class='ocrx_word' id='word_1_261' title='bbox 234 3097 331 3156; x_wconf 80' lang='lat' dir='ltr'>unedo</span> <span class='ocrx_word' id='word_1_262' title='bbox 347 3101 475 3164; x_wconf 66' lang='lat' dir='ltr'>extrema</span> <span class='ocrx_word' id='word_1_263' title='bbox 490 3101 519 3156; x_wconf 89' lang='lat' dir='ltr'>et</span> <span class='ocrx_word' id='word_1_264' title='bbox 532 3095 578 3154; x_wconf 90' lang='lat' dir='ltr'>his</span> <span class='ocrx_word' id='word_1_265' title='bbox 594 3095 706 3168; x_wconf 87' lang='lat' dir='ltr'>similia,</span> <span class='ocrx_word' id='word_1_266' title='bbox 722 3098 952 3176; x_wconf 86' lang='lat' dir='ltr'>opusoperatum</span> <span class='ocrx_word' id='word_1_267' title='bbox 968 3099 998 3152; x_wconf 90' lang='lat' dir='ltr'>et</span> <span class='ocrx_word' id='word_1_268' title='bbox 1008 3093 1206 3166; x_wconf 88' lang='lat' dir='ltr'>papioolarum</span> <span class='ocrx_word' id='word_1_269' title='bbox 1219 3093 1321 3154; x_wconf 87' lang='lat' dir='ltr'>missas</span> 
     </span>
     <span class='ocr_line' id='line_1_27' title="bbox 143 3191 1320 3278; baseline 0 -20"><span class='ocrx_word' id='word_1_270' title='bbox 143 3201 289 3278; x_wconf 83' lang='lat' dir='ltr'>rejiciens.</span> <span class='ocrx_word' id='word_1_271' title='bbox 323 3199 418 3260; x_wconf 89' lang='lat' dir='ltr'>Multa</span> <span class='ocrx_word' id='word_1_272' title='bbox 434 3217 470 3260; x_wconf 83' lang='lat' dir='ltr'>ex</span> <span class='ocrx_word' id='word_1_273' title='bbox 484 3201 638 3275; x_wconf 77' lang='lat' dir='ltr'>Augustini</span> <span class='ocrx_word' id='word_1_274' title='bbox 653 3199 767 3274; x_wconf 86' lang='lat' dir='ltr'>scriptis</span> <span class='ocrx_word' id='word_1_275' title='bbox 783 3197 938 3272; x_wconf 87' lang='lat' dir='ltr'>adducens,</span> <span class='ocrx_word' id='word_1_276' title='bbox 963 3191 1002 3257; x_wconf 84' lang='lat' dir='ltr'>eu¹</span> <span class='ocrx_word' id='word_1_277' title='bbox 1014 3198 1116 3270; x_wconf 89' lang='lat' dir='ltr'>quibus</span> <span class='ocrx_word' id='word_1_278' title='bbox 1133 3195 1320 3258; x_wconf 86' lang='lat' dir='ltr'>confirmabat</span> 
     </span>
     <span class='ocr_line' id='line_1_28' title="bbox 143 3303 1317 3392; baseline -0.002 -28"><span class='ocrx_word' id='word_1_279' title='bbox 143 3305 266 3365; x_wconf 88' lang='lat' dir='ltr'>verbum</span> <span class='ocrx_word' id='word_1_280' title='bbox 280 3321 339 3366; x_wconf 91' lang='lat' dir='ltr'>non</span> <span class='ocrx_word' id='word_1_281' title='bbox 354 3311 498 3367; x_wconf 88' lang='lat' dir='ltr'>mortuum</span> <span class='ocrx_word' id='word_1_282' title='bbox 517 3323 617 3366; x_wconf 89' lang='lat' dir='ltr'>sonum</span> <span class='ocrx_word' id='word_1_283' title='bbox 637 3306 718 3366; x_wconf 86' lang='lat' dir='ltr'>illurn</span> <span class='ocrx_word' id='word_1_284' title='bbox 740 3305 769 3363; x_wconf 93' lang='lat' dir='ltr'>in</span> <span class='ocrx_word' id='word_1_285' title='bbox 783 3319 868 3376; x_wconf 80' lang='lat' dir='ltr'>aures</span> <span class='ocrx_word' id='word_1_286' title='bbox 883 3310 1083 3392; x_wconf 69' lang='lat' dir='ltr'>penetrantem</span> <span class='ocrx_word' id='word_1_287' title='bbox 1098 3307 1127 3360; x_wconf 93' lang='lat' dir='ltr'>et</span> <span class='ocrx_word' id='word_1_288' title='bbox 1139 3303 1317 3376; x_wconf 87' lang='lat' dir='ltr'>tinnientem,</span> 
     </span>
     <span class='ocr_line' id='line_1_29' title="bbox 142 3406 1316 3492; baseline -0.002 -22"><span class='ocrx_word' id='word_1_289' title='bbox 142 3411 196 3472; x_wconf 91' lang='lat' dir='ltr'>sed</span> <span class='ocrx_word' id='word_1_290' title='bbox 211 3412 331 3490; x_wconf 78' lang='lat' dir='ltr'>verbum</span> <span class='ocrx_word' id='word_1_291' title='bbox 345 3410 402 3472; x_wconf 89' lang='lat' dir='ltr'>fide</span> <span class='ocrx_word' id='word_1_292' title='bbox 417 3413 628 3487; x_wconf 90' lang='lat' dir='ltr'>apprehensum</span> <span class='ocrx_word' id='word_1_293' title='bbox 650 3419 679 3472; x_wconf 92' lang='lat' dir='ltr'>et</span> <span class='ocrx_word' id='word_1_294' title='bbox 693 3426 767 3487; x_wconf 84' lang='lat' dir='ltr'>puro</span> <span class='ocrx_word' id='word_1_295' title='bbox 783 3407 870 3469; x_wconf 92' lang='lat' dir='ltr'>corde</span> <span class='ocrx_word' id='word_1_296' title='bbox 893 3414 1092 3492; x_wconf 86' lang='lat' dir='ltr'>conservatum</span> <span class='ocrx_word' id='word_1_297' title='bbox 1107 3425 1159 3468; x_wconf 89' lang='lat' dir='ltr'>nos</span> <span class='ocrx_word' id='word_1_298' title='bbox 1180 3408 1218 3467; x_wconf 90' lang='lat' dir='ltr'>ad</span> <span class='ocrx_word' id='word_1_299' title='bbox 1234 3406 1316 3470; x_wconf 84' lang='lat' dir='ltr'>Chri·</span> 
     </span>
     <span class='ocr_line' id='line_1_30' title="bbox 143 3513 1315 3601; baseline -0.001 -24"><span class='ocrx_word' id='word_1_300' title='bbox 143 3523 221 3578; x_wconf 90' lang='lat' dir='ltr'>stnm</span> <span class='ocrx_word' id='word_1_301' title='bbox 235 3516 404 3592; x_wconf 84' lang='lat' dir='ltr'>perducere.</span> <span class='ocrx_word' id='word_1_302' title='bbox 428 3517 521 3576; x_wconf 84' lang='lat' dir='ltr'>Movit</span> <span class='ocrx_word' id='word_1_303' title='bbox 535 3519 603 3578; x_wconf 91' lang='lat' dir='ltr'>item</span> <span class='ocrx_word' id='word_1_304' title='bbox 618 3519 818 3591; x_wconf 85' lang='lat' dir='ltr'>quaestionem,</span> <span class='ocrx_word' id='word_1_305' title='bbox 840 3515 916 3590; x_wconf 90' lang='lat' dir='ltr'>qnod</span> <span class='ocrx_word' id='word_1_306' title='bbox 937 3532 995 3575; x_wconf 92' lang='lat' dir='ltr'>non</span> <span class='ocrx_word' id='word_1_307' title='bbox 1011 3528 1115 3601; x_wconf 28' lang='lat' dir='ltr'>‚omnes</span> <span class='ocrx_word' id='word_1_308' title='bbox 1136 3513 1218 3574; x_wconf 84' lang='lat' dir='ltr'>verbi</span> <span class='ocrx_word' id='word_1_309' title='bbox 1233 3514 1315 3576; x_wconf 90' lang='lat' dir='ltr'>andi·</span> 
     </span>
     <span class='ocr_line' id='line_1_31' title="bbox 141 3618 1316 3696; baseline -0.003 -13"><span class='ocrx_word' id='word_1_310' title='bbox 141 3630 224 3683; x_wconf 86' lang='lat' dir='ltr'>tores</span> <span class='ocrx_word' id='word_1_311' title='bbox 239 3621 337 3682; x_wconf 90' lang='lat' dir='ltr'>mundi</span> <span class='ocrx_word' id='word_1_312' title='bbox 352 3621 556 3696; x_wconf 87' lang='lat' dir='ltr'>redderentur,</span> <span class='ocrx_word' id='word_1_313' title='bbox 573 3629 602 3683; x_wconf 89' lang='lat' dir='ltr'>et</span> <span class='ocrx_word' id='word_1_314' title='bbox 616 3624 745 3696; x_wconf 84' lang='lat' dir='ltr'>exemplo</span> <span class='ocrx_word' id='word_1_315' title='bbox 762 3621 846 3682; x_wconf 83' lang='lat' dir='ltr'>dudae</span> <span class='ocrx_word' id='word_1_316' title='bbox 861 3622 991 3682; x_wconf 83' lang='lat' dir='ltr'>Icariotis</span> <span class='ocrx_word' id='word_1_317' title='bbox 1006 3621 1080 3696; x_wconf 84' lang='lat' dir='ltr'>hanc</span> <span class='ocrx_word' id='word_1_318' title='bbox 1094 3621 1235 3694; x_wconf 84' lang='lat' dir='ltr'>rationem</span> <span class='ocrx_word' id='word_1_319' title='bbox 1249 3618 1316 3682; x_wconf 89' lang='lat' dir='ltr'>red·</span> 
     </span>
     <span class='ocr_line' id='line_1_32' title="bbox 143 3711 1315 3807; baseline -0.005 -17"><span class='ocrx_word' id='word_1_320' title='bbox 143 3711 234 3802; x_wconf 86' lang='lat' dir='ltr'>dens,</span> <span class='ocrx_word' id='word_1_321' title='bbox 259 3727 336 3802; x_wconf 88' lang='lat' dir='ltr'>qnod</span> <span class='ocrx_word' id='word_1_322' title='bbox 354 3728 446 3788; x_wconf 87' lang='lat' dir='ltr'>Judas</span> <span class='ocrx_word' id='word_1_323' title='bbox 470 3743 615 3802; x_wconf 85' lang='lat' dir='ltr'>nunqnam</span> <span class='ocrx_word' id='word_1_324' title='bbox 633 3745 674 3786; x_wconf 84' lang='lat' dir='ltr'>ex</span> <span class='ocrx_word' id='word_1_325' title='bbox 688 3729 782 3786; x_wconf 85' lang='lat' dir='ltr'>animo</span> <span class='ocrx_word' id='word_1_326' title='bbox 797 3725 892 3786; x_wconf 82' lang='lat' dir='ltr'>verbis</span> <span class='ocrx_word' id='word_1_327' title='bbox 909 3725 1015 3807; x_wconf 81' lang='lat' dir='ltr'>Christi</span> <span class='ocrx_word' id='word_1_328' title='bbox 1030 3725 1207 3784; x_wconf 71' lang='lat' dir='ltr'>adhesisset.</span> <span class='ocrx_word' id='word_1_329' title='bbox 1245 3723 1315 3785; x_wconf 88' lang='lat' dir='ltr'>Per·</span> 
     </span>
     <span class='ocr_line' id='line_1_33' title="bbox 143 3815 1317 3916; baseline -0.002 -22"><span class='ocrx_word' id='word_1_330' title='bbox 143 3835 289 3908; x_wconf 73' lang='lat' dir='ltr'>stringens</span> <span class='ocrx_word' id='word_1_331' title='bbox 304 3835 496 3916; x_wconf 30' lang='lat' dir='ltr'>quoqne-ejus</span> <span class='ocrx_word' id='word_1_332' title='bbox 511 3833 614 3894; x_wconf 81' lang='lat' dir='ltr'>farinae</span> <span class='ocrx_word' id='word_1_333' title='bbox 630 3833 787 3904; x_wconf 88' lang='lat' dir='ltr'>auditores,</span> <span class='ocrx_word' id='word_1_334' title='bbox 807 3832 935 3904; x_wconf 77' lang='lat' dir='ltr'>allegans</span> <span class='ocrx_word' id='word_1_335' title='bbox 951 3830 1058 3888; x_wconf 91' lang='lat' dir='ltr'>dictum</span> <span class='ocrx_word' id='word_1_336' title='bbox 1065 3829 1234 3903; x_wconf 81' lang='lat' dir='ltr'>Augustini:</span> <span class='ocrx_word' id='word_1_337' title='bbox 1249 3815 1317 3894; x_wconf 78' lang='lat' dir='ltr'>Non</span> 
     </span>
     <span class='ocr_line' id='line_1_34' title="bbox 143 3917 1317 4012; baseline -0.001 -13"><span class='ocrx_word' id='word_1_338' title='bbox 143 3957 201 4000; x_wconf 84' lang='lat' dir='ltr'>vox</span> <span class='ocrx_word' id='word_1_339' title='bbox 215 3939 369 4012; x_wconf 87' lang='lat' dir='ltr'>transiens,</span> <span class='ocrx_word' id='word_1_340' title='bbox 387 3939 437 3998; x_wconf 87' lang='lat' dir='ltr'>sed</span> <span class='ocrx_word' id='word_1_341' title='bbox 452 3940 560 3998; x_wconf 82' lang='lat' dir='ltr'>veritas</span> <span class='ocrx_word' id='word_1_342' title='bbox 575 3953 724 3997; x_wconf 90' lang='lat' dir='ltr'>remanens</span> <span class='ocrx_word' id='word_1_343' title='bbox 740 3944 794 3996; x_wconf 91' lang='lat' dir='ltr'>etc.</span> <span class='ocrx_word' id='word_1_344' title='bbox 819 3935 900 4009; x_wconf 76' lang='lat' dir='ltr'>Quod</span> <span class='ocrx_word' id='word_1_345' title='bbox 916 3952 972 3994; x_wconf 92' lang='lat' dir='ltr'>non</span> <span class='ocrx_word' id='word_1_346' title='bbox 988 3917 1106 3993; x_wconf 88' lang='lat' dir='ltr'>verbum</span> <span class='ocrx_word' id='word_1_347' title='bbox 1122 3936 1252 3995; x_wconf 91' lang='lat' dir='ltr'>auditum</span> <span class='ocrx_word' id='word_1_348' title='bbox 1266 3934 1317 3999; x_wconf 88' lang='lat' dir='ltr'>sed</span> 
     </span>
     <span class='ocr_line' id='line_1_35' title="bbox 143 4040 1318 4127; baseline -0.003 -21"><span class='ocrx_word' id='word_1_349' title='bbox 143 4043 265 4106; x_wconf 89' lang='lat' dir='ltr'>verhum</span> <span class='ocrx_word' id='word_1_350' title='bbox 278 4043 420 4104; x_wconf 85' lang='lat' dir='ltr'>creditum</span> <span class='ocrx_word' id='word_1_351' title='bbox 432 4046 505 4127; x_wconf 79' lang='lat' dir='ltr'>¹ejus</span> <span class='ocrx_word' id='word_1_352' title='bbox 521 4059 606 4116; x_wconf 86' lang='lat' dir='ltr'>qnam</span> <span class='ocrx_word' id='word_1_353' title='bbox 622 4043 734 4109; x_wconf 84' lang='lat' dir='ltr'>dixerat</span> <span class='ocrx_word' id='word_1_354' title='bbox 749 4043 874 4116; x_wconf 82' lang='lat' dir='ltr'>energiae</span> <span class='ocrx_word' id='word_1_355' title='bbox 889 4042 939 4114; x_wconf 87' lang='lat' dir='ltr'>sit,</span> <span class='ocrx_word' id='word_1_356' title='bbox 962 4041 1038 4098; x_wconf 87' lang='lat' dir='ltr'>inter</span> <span class='ocrx_word' id='word_1_357' title='bbox 1053 4040 1165 4112; x_wconf 88' lang='lat' dir='ltr'>reliqna</span> <span class='ocrx_word' id='word_1_358' title='bbox 1180 4041 1318 4118; x_wconf 81' lang='lat' dir='ltr'>graphice</span> 
     </span>
    </p>
   </div>
   <div class='ocr_carea' id='block_1_3' title="bbox 138 4145 1316 4555">
    <p class='ocr_par' dir='ltr' id='par_1_3' title="bbox 138 4145 1316 4555">
     <span class='ocr_line' id='line_1_36' title="bbox 138 4145 1316 4226; baseline -0.005 -14"><span class='ocrx_word' id='word_1_359' title='bbox 138 4151 294 4226; x_wconf 60' lang='lat' dir='ltr'>,emphasin</span> <span class='ocrx_word' id='word_1_360' title='bbox 307 4151 416 4211; x_wconf 79' lang='lat' dir='ltr'>voculae</span> <span class='ocrx_word' id='word_1_361' title='bbox 431 4150 549 4210; x_wconf 78' lang='lat' dir='ltr'>«vohis»</span> <span class='ocrx_word' id='word_1_362' title='bbox 564 4148 610 4208; x_wconf 89' lang='lat' dir='ltr'>hic</span> <span class='ocrx_word' id='word_1_363' title='bbox 621 4150 761 4224; x_wconf 87' lang='lat' dir='ltr'>appositae</span> <span class='ocrx_word' id='word_1_364' title='bbox 773 4147 917 4222; x_wconf 84' lang='lat' dir='ltr'>explicuit.</span> <span class='ocrx_word' id='word_1_365' title='bbox 940 4146 1009 4204; x_wconf 87' lang='lat' dir='ltr'>Non</span> <span class='ocrx_word' id='word_1_366' title='bbox 1025 4147 1100 4206; x_wconf 92' lang='lat' dir='ltr'>enim</span> <span class='ocrx_word' id='word_1_367' title='bbox 1115 4145 1193 4220; x_wconf 83' lang='lat' dir='ltr'>qnod</span> <span class='ocrx_word' id='word_1_368' title='bbox 1207 4146 1316 4221; x_wconf 80' lang='lat' dir='ltr'>angelis</span> 
     </span>
     <span class='ocr_line' id='line_1_37' title="bbox 144 4239 1316 4340; baseline -0.003 -25"><span class='ocrx_word' id='word_1_369' title='bbox 144 4258 192 4318; x_wconf 88' lang='lat' dir='ltr'>vel</span> <span class='ocrx_word' id='word_1_370' title='bbox 205 4255 285 4330; x_wconf 88' lang='lat' dir='ltr'>ieris,</span> <span class='ocrx_word' id='word_1_371' title='bbox 301 4257 354 4316; x_wconf 90' lang='lat' dir='ltr'>sed</span> <span class='ocrx_word' id='word_1_372' title='bbox 369 4257 447 4340; x_wconf 84' lang='lat' dir='ltr'>qnod</span> <span class='ocrx_word' id='word_1_373' title='bbox 462 4255 543 4320; x_wconf 83' lang='lat' dir='ltr'>vohis</span> <span class='ocrx_word' id='word_1_374' title='bbox 559 4253 746 4330; x_wconf 87' lang='lat' dir='ltr'>praedicatur,</span> <span class='ocrx_word' id='word_1_375' title='bbox 771 4255 850 4313; x_wconf 87' lang='lat' dir='ltr'>vobis</span> <span class='ocrx_word' id='word_1_376' title='bbox 866 4255 896 4312; x_wconf 93' lang='lat' dir='ltr'>in</span> <span class='ocrx_word' id='word_1_377' title='bbox 912 4250 1071 4327; x_wconf 88' lang='lat' dir='ltr'>profectum</span> <span class='ocrx_word' id='word_1_378' title='bbox 1085 4253 1170 4312; x_wconf 89' lang='lat' dir='ltr'>cedit.</span> <span class='ocrx_word' id='word_1_379' title='bbox 1195 4239 1316 4314; x_wconf 89' lang='lat' dir='ltr'>Monens</span> 
     </span>
     <span class='ocr_line' id='line_1_38' title="bbox 143 4351 1315 4437; baseline -0.003 -15"><span class='ocrx_word' id='word_1_380' title='bbox 143 4361 201 4437; x_wconf 91' lang='lat' dir='ltr'>hic,</span> <span class='ocrx_word' id='word_1_381' title='bbox 218 4377 304 4435; x_wconf 88' lang='lat' dir='ltr'>quum</span> <span class='ocrx_word' id='word_1_382' title='bbox 318 4377 376 4420; x_wconf 93' lang='lat' dir='ltr'>non</span> <span class='ocrx_word' id='word_1_383' title='bbox 392 4361 570 4422; x_wconf 88' lang='lat' dir='ltr'>conducibile</span> <span class='ocrx_word' id='word_1_384' title='bbox 592 4360 629 4420; x_wconf 91' lang='lat' dir='ltr'>sit</span> <span class='ocrx_word' id='word_1_385' title='bbox 646 4360 677 4418; x_wconf 92' lang='lat' dir='ltr'>in</span> <span class='ocrx_word' id='word_1_386' title='bbox 692 4360 848 4433; x_wconf 84' lang='lat' dir='ltr'>peregrina</span> <span class='ocrx_word' id='word_1_387' title='bbox 862 4359 960 4432; x_wconf 74' lang='lat' dir='ltr'>lingum</span> <span class='ocrx_word' id='word_1_388' title='bbox 981 4375 1045 4418; x_wconf 89' lang='lat' dir='ltr'>cum</span> <span class='ocrx_word' id='word_1_389' title='bbox 1059 4359 1257 4432; x_wconf 80' lang='lat' dir='ltr'>ignorantibus</span> <span class='ocrx_word' id='word_1_390' title='bbox 1272 4351 1315 4418; x_wconf 83' lang='lat' dir='ltr'>lo·</span> 
     </span>
     <span class='ocr_line' id='line_1_39' title="bbox 147 4461 1316 4555; baseline -0.005 -27"><span class='ocrx_word' id='word_1_391' title='bbox 147 4470 209 4555; x_wconf 79' lang='lat' dir='ltr'>qui,</span> <span class='ocrx_word' id='word_1_392' title='bbox 230 4469 393 4542; x_wconf 85' lang='lat' dir='ltr'>praesertim</span> <span class='ocrx_word' id='word_1_393' title='bbox 409 4467 486 4542; x_wconf 87' lang='lat' dir='ltr'>quod</span> <span class='ocrx_word' id='word_1_394' title='bbox 497 4468 582 4550; x_wconf 77' lang='lat' dir='ltr'>Juxta</span> <span class='ocrx_word' id='word_1_395' title='bbox 596 4465 828 4537; x_wconf 83' lang='lat' dir='ltr'>Paulumcmnia</span> <span class='ocrx_word' id='word_1_396' title='bbox 840 4465 871 4534; x_wconf 88' lang='lat' dir='ltr'>in</span> <span class='ocrx_word' id='word_1_397' title='bbox 886 4463 1009 4542; x_wconf 84' lang='lat' dir='ltr'>proximi</span> <span class='ocrx_word' id='word_1_398' title='bbox 1023 4462 1239 4542; x_wconf 67' lang='lat' dir='ltr'>edificationem</span> <span class='ocrx_word' id='word_1_399' title='bbox 1253 4461 1316 4536; x_wconf 85' lang='lat' dir='ltr'>iieri</span> 
     </span>
    </p>
   </div>
   <div class='ocr_carea' id='block_1_4' title="bbox 0 0 1528 5104">
    <p class='ocr_par' dir='ltr' id='par_1_4' title="bbox 0 0 1528 5104">
     <span class='ocr_line' id='line_1_40' title="bbox 0 0 1528 5104; baseline 0 2"><span class='ocrx_word' id='word_1_400' title='bbox 0 0 1528 5104; x_wconf 95' lang='lat' dir='ltr'> </span> 
     </span>
    </p>
   </div>
  </div>
 </body>
</html>
