3020 5112
794 379 865 458 Μ’

241 573 384 649 splendidi
396 572 556 634 Romulida
570 575 698 648 quamvis
713 573 879 635 charissimo
888 573 983 649 pretio
997 573 1111 636 sibilina
1125 575 1269 637 volumina
1283 563 1409 638 aestima·

240 682 313 739 tioni
327 679 445 740 duxere.
484 678 542 739 Sed
557 679 593 738 de
608 680 652 738 bis
667 679 747 740 satis.
784 677 986 740 Valetudinem
997 659 1029 740 Ι(1.
1045 687 1067 740 t.
1084 679 1170 755 quam
1184 699 1203 740 a
1218 681 1273 741 deo
1288 697 1409 756 prospe-

240 801 302 844 ram
316 801 411 860 spero,
428 783 501 842 scire
515 800 600 858 aveo,
621 789 651 844 ct
665 799 761 845 rerum
782 788 896 860 tuorum
911 781 1055 844 fortunam
1070 786 1218 846 ecclesmm
1234 785 1342 854 domini
1356 786 1412 845 tibi

240 906 339 950 curam
360 905 423 949 esse
438 891 511 965 scio,
538 895 567 950 et
581 888 728 949 dominum
741 891 784 948 tui
799 889 945 948 custodem
966 887 1043 964 iore,
1064 894 1165 950 nostra
1184 889 1410 952 adhucchristo

239 997 347 1070 mutia,
370 996 553 1056 mediocriter
574 995 694 1056 aedesio
713 994 805 1069 viget,
830 1000 863 1055 ut
881 1000 978 1054 tamen
998 994 1105 1057 domini
1125 977 1218 1057 nostri
1232 995 1411 1056 consuetudo

240 1107 292 1176 est,
308 1117 366 1161 non
380 1101 453 1162 adeo
467 1115 619 1161 numerosa
633 1101 703 1160 viris
719 1100 977 1162 concionatoribus.
993 1161 1002 1172 ,

329 1207 413 1280 Quod
426 1211 522 1267 nutem
536 1206 621 1266 modo
636 1205 664 1266 (i.
680 1211 701 1266 t.
719 1191 920 1282 occupationes
933 1207 1112 1280 interrumpo
1127 1221 1229 1266 caussa
1244 1210 1289 1266 est
1304 1220 1410 1280 oppor-

239 1312 347 1372 tunitas
368 1329 435 1372 nam
458 1312 504 1371 bic
526 1312 708 1372 amanuensis
727 1316 826 1378 noster
846 1313 896 1384 qui
916 1317 982 1398 post
1001 1312 1110 1372 obitmn
1129 1311 1256 1387 priorum
1273 1315 1303 1393 et
1324 1311 1409 1370 nobis

239 1415 366 1478 fidelium
384 1416 542 1477 Hermanni
562 1417 649 1478 Nellii
669 1423 698 1476 et
713 1415 811 1476 Gniebi
826 1415 989 1492 Tryppberi
999 1425 1001 1432 ’
1012 1416 1093 1478 nobis
1112 1417 1143 1478 in
1155 1417 1235 1490 jusu
1248 1417 1345 1476 munia
1361 1433 1408 1475 se-

240 1522 355 1580 cretarii
369 1537 462 1595 nuper
476 1522 592 1590 obueuit
610 1523 735 1598 patriam
748 1524 793 1604 ire
807 1523 919 1582 veniam
933 1521 1064 1598 petierit,
1088 1527 1119 1582 et
1132 1539 1189 1582 non
1203 1523 1299 1582 multis
1314 1522 1407 1582 milio-

238 1627 319 1687 ribus
342 1644 361 1687 a
380 1632 476 1686 vestro
495 1626 620 1703 dinone,
644 1627 797 1702 dibabitet,
823 1629 865 1688 illi
883 1620 1056 1703 injunximus
1072 1633 1104 1688 ut
1118 1629 1274 1703 promissas
1289 1625 1411 1697 *chartas

240 1709 306 1792 cin
323 1729 450 1792 adferret
464 1733 510 1792 cui
523 1731 610 1793 fidem
624 1734 747 1809 babeas,
769 1739 799 1794 et
814 1735 875 1808 ejus
890 1738 920 1794 et
933 1749 1005 1794 meac
1021 1735 1174 1796 stoliditati
1188 1735 1322 1810 ignoscas
1337 1749 1411 1807 rogo

239 1839 358 1912 erretis,
384 1839 706 1914 quorumcopbiniuon
720 1839 771 1898 uni
792 1835 893 1900 referti
912 1843 980 1898 sunt
1002 1853 1055 1914 pro
1074 1843 1126 1914 tua
1146 1843 1270 1912 paterna
1283 1839 1413 1899 amicitia

238 1945 361 2018 ignosce.
389 1945 490 2024 Soleus
513 1945 589 2006 domi
610 1944 736 2028 ecolesma
751 1949 781 2004 et
800 1941 871 2004 foris
892 1945 1034 2019 perpetim
1048 1943 1079 2027 in
1094 1938 1208 2014 domino
1223 1945 1263 2003 sis
1277 1959 1313 2003 ac
1326 1944 1411 2004 vaiet

239 2048 352 2109 Salutat
370 2053 400 2109 te
415 2054 619 2114 cosunosun
635 2048 972 2110 cnuinmssnastasis
995 2051 1099 2110 iterum
1112 2047 1314 2123 Eubulumque
1328 2055 1412 2109 tuum

238 2169 303 2214 esse
318 2156 400 2230 emto,
415 2159 578 2216 nostrornm
594 2157 721 2214 omnium
735 2157 766 2214 in
781 2153 1003 2234 praecationibus
1017 2155 1075 2214 tuis
1090 2155 1129 2214 sis
1143 2169 1261 2214 memor.
1299 2153 1411 2217 Datum

238 2263 269 2318 et
294 2258 451 2319 exhibitum
478 2259 641 2334 Isenbcrgae
670 2262 708 2319 13
730 2259 855 2335 Augusti
881 2275 957 2320 anno
983 2259 1084 2320 saluus
1112 2263 1220 2320 nostra
1246 2259 1410 2335 millesimo,

238 2363 465 2438 quingentesimo
479 2365 655 2438 sexagesimo
670 2369 781 2440 quarto.

1079 2453 1117 2514 D.
1133 2454 1167 2514 T.
1184 2453 1298 2515 deditus

1002 2547 1136 2622 Wolradt
1149 2576 1177 2634 g.
1193 2577 1218 2639 n.
1234 2559 1377 2620 Waldeck

1061 2681 1148 2726 manu
1161 2665 1289 2742 propria.

281 2767 358 2829 Vere
371 2769 420 2843 pio
436 2773 466 2829 et
481 2767 644 2832 doctissimo
658 2754 902 2842 celeberrimoque
918 2767 959 2828 de

237 2874 357 2962 ecclesia
372 2872 479 2934 Christi
492 2875 598 2949 optimc
612 2875 715 2934 merito
730 2873 958 2934 dominoJoanni

236 2979 356 3048 Brontio
376 2979 607 3056 wirtembergici
628 2979 756 3066 ducatus
773 2978 957 3038 ecclesiarum

168 3137 170 3142 ,
237 3085 358 3146 consuti
373 3101 497 3162 sommo,
519 3084 639 3146 colendo
654 3085 733 3161 patri
747 3087 777 3144 et
790 3083 881 3148 emico
896 3099 957 3144 suu
